2984 4275
292 182 355 248 134
522 197 571 252 Ab
590 213 707 254 excessu
725 199 758 253 D.
771 199 897 268 Augusti
915 199 970 254 XV
988 202 1100 256 42-45.

174 392 224 438 suu
397 372 449 437 42.
473 372 620 438 Ceterum
634 374 720 438 Nero
742 393 818 439 usus
840 381 888 438 est
910 374 1031 458 patriae
1052 374 1150 439 ruinis
1165 375 1331 439 exstruxit-

118 463 275 588 '‘mil'‘
294 496 355 559 que
381 476 519 559 domum,
550 478 584 542 in
613 496 676 557 qua
702 476 789 542 haud
818 476 950 562 proinde
978 497 1126 561 gemmae
1156 485 1188 543 et
1217 498 1331 543 aurum

131 603 175 649 aa
188 603 261 650 ausu
292 580 443 647 miraculo
474 588 588 664 essent,
619 582 710 646 solita
738 581 864 667 pridem
893 589 925 647 et
955 582 1032 647 luxu
1060 583 1202 665 vulgata,
1233 602 1331 665 quam

117 682 265 790 mma
291 705 369 750 arva
399 692 431 750 et
457 693 573 769 stagna
601 692 634 750 et
662 685 695 750 in
723 686 853 751 modum
883 686 1088 752 solitudinum
1116 686 1191 751 hinc
1220 687 1329 772 silvae,

265 774 365 855 'inde
387 797 498 874 aperta
520 791 623 874 spatia
653 797 685 855 et
707 797 901 875 prospectus,
930 791 1089 874 magistris
1116 797 1149 856 et
1170 781 1331 856 machina·

290 894 409 959 toribus
440 893 556 959 Severo
586 902 619 960 et
649 893 769 980 Celere,
801 895 915 977 quibus
943 895 1107 977 ingenium
1138 901 1169 959 et
1195 895 1331 962 audacia

291 1005 368 1081 erat,
396 999 493 1063 etiam
514 1018 597 1079 quae
623 1006 738 1064 natura
765 997 998 1082 denegavisset,
1026 1019 1083 1084 per
1104 1007 1206 1064 artem
1232 1005 1330 1084 temp

290 1109 358 1167 tare
373 1109 404 1167 et
418 1102 538 1169 viribus
560 1103 710 1188 principis
730 1103 885 1169 inludere.
909 1122 1047 1184 namque
1062 1103 1104 1168 ab
1119 1103 1191 1167 lacu
1201 1102 1330 1169 Averno

290 1205 503 1289 navigabilem
525 1205 644 1272 fossam
665 1226 765 1288 usque
787 1207 830 1272 ad
852 1207 933 1273 ostia
955 1206 1106 1272 Tiberina
1128 1207 1331 1292 depressuros

290 1309 510 1394 promiserant,
543 1311 700 1392 squalenti
730 1310 821 1375 litore
850 1317 906 1376 aut
936 1331 992 1394 per
1017 1318 1142 1376 montes
1169 1311 1329 1377 adversos.

290 1433 393 1495 neque
416 1413 500 1478 enim
523 1414 610 1479 aliud
629 1415 772 1480 umidum
794 1415 964 1499 gignendis
980 1416 1070 1498 aquis
1086 1415 1219 1480 occurrit
1234 1435 1330 1497 quam

290 1518 479 1602 Pomptinae
507 1519 656 1603 paludes:
688 1527 794 1584 cetera
823 1519 959 1603 abrupta
988 1526 1043 1584 aut
1073 1519 1204 1601 arentia,
1234 1539 1274 1584 ac
1304 1519 1331 1584 si

289 1622 452 1707 perrumpi
481 1628 618 1707 possent,
648 1622 867 1688 intolerandus
897 1622 986 1688 labor
1012 1642 1072 1691 nec
1101 1623 1178 1688 satis
1205 1642 1329 1689 causae.

290 1726 375 1791 Nero
397 1733 517 1811 tamen,
541 1733 576 1791 ut
596 1733 664 1792 erat
687 1726 923 1792 incredibilium
946 1727 1076 1812 cupitor,
1101 1725 1239 1792 effodere
1262 1747 1330 1811 pro·

290 1831 378 1895 xima
400 1830 527 1896 Averno
556 1831 633 1914 iuga
662 1831 786 1896 conisus
817 1837 874 1916 est,
905 1838 1097 1913 manentque
1123 1832 1259 1913 vestigia
1285 1831 1331 1896 in·

291 1935 371 2000 ritae
393 1935 470 2019 spei.

152 2056 241 2109 acuas
395 2040 447 2105 43.
471 2039 619 2107 Ceterum
643 2040 738 2124 urbis,
764 2059 845 2122 quae
868 2040 1003 2105 dominis
1030 2046 1226 2125 supererant,
1255 2061 1330 2124 non,

135 2127 171 2173 Μ
184 2126 257 2173 ‘¹⁶⁸¹'
291 2152 326 2210 ut
352 2152 423 2231 post
449 2143 573 2209 Gallica
599 2142 758 2229 incendia,
791 2144 878 2210 nulla
905 2143 1103 2209 distinctione
1125 2164 1186 2210 nec
1211 2146 1331 2229 passim

290 2257 405 2333 erecta,
436 2248 492 2314 sed
518 2249 670 2314 dimensis
692 2249 833 2314 vicorum
860 2248 1022 2314 ordinibus
1050 2255 1080 2313 et
1107 2248 1179 2314 latis
1205 2249 1329 2314 viarum

290 2353 401 2439 spatiis
427 2353 627 2436 cohibitaque
654 2353 868 2419 aedificiorum
895 2352 1062 2417 altitudine
1092 2373 1130 2418 ac
1160 2353 1330 2438 patefactis

290 2459 372 2523 areis
393 2457 573 2539 additisque
594 2457 777 2541 porticibus,
805 2473 887 2540 quae
909 2456 1044 2522 frontem
1066 2457 1241 2522 insularum
1264 2478 1332 2542 pro·

289 2568 441 2646 tegerent.
481 2581 536 2627 eas
564 2562 702 2646 porticus
732 2562 818 2626 Nero
837 2565 905 2627 'sua
935 2561 1070 2647 pecunia
1100 2568 1331 2627 exstructurum

289 2672 503 2749 purgatasque
525 2685 617 2732 areas
639 2666 774 2732 dominis
796 2665 984 2730 traditurum
1008 2665 1166 2749 pollicitus
1189 2672 1246 2730 ost.
1278 2667 1332 2732 ad-

290 2769 371 2834 didit
392 2769 533 2854 praemia
555 2790 613 2855 pro
628 2770 780 2851 cuiusque
800 2770 910 2834 ordine
931 2776 963 2834 et
978 2770 1024 2834 rei
1046 2769 1209 2835 familiaris
1232 2771 1332 2855 copiis

289 2872 455 2956 finivitque
476 2880 610 2959 tempus,
633 2874 717 2938 intra
740 2872 824 2956 quod
847 2874 968 2940 effectis
989 2873 1137 2939 domibus
1150 2880 1206 2938 aut
1219 2874 1332 2940 insulis

290 2978 513 3063 apiscerentur.
555 2978 660 3043 ruderi
685 2978 870 3062 accipiendo
892 2977 1054 3043 Ostienses
1083 2977 1216 3062 paludes
1237 2978 1331 3044 desti-

290 3083 399 3166 nabat,
426 3082 534 3163 utique
556 3102 665 3167 naves,
694 3101 777 3164 quae
799 3081 994 3147 frumentum
1016 3081 1124 3147 Tiberi
1151 3082 1331 3148 subvectas·

291 3195 371 3272 sent,
394 3193 528 3252 onustae
549 3185 662 3252 rudere
684 3185 900 3270 decurrerent3
923 3185 1130 3267 aedificiaque
1152 3185 1223 3270 ipsa
1244 3194 1332 3251 certa

291 3290 340 3355 sui
354 3298 444 3375 parte
459 3290 528 3356 sine
542 3291 686 3357 trabibus
701 3310 780 3355 saxo
792 3289 916 3355 Gabino
927 3291 1095 3356 Albanove
1111 3289 1329 3373 solidarentur,

291 3393 377 3475 quod
398 3395 426 3459 is
447 3394 529 3479 lapis
547 3394 674 3478 ignibus
688 3394 848 3478 inpervius
868 3402 930 3479 est;
953 3394 1017 3458 iam
1033 3414 1117 3475 aqua
1136 3394 1330 3479 privatorum

291 3498 420 3563 licentia
440 3499 616 3584 intercepta
638 3518 699 3581 quo
722 3498 838 3582 largior
860 3507 892 3563 et
914 3498 1056 3582 pluribus
1078 3498 1155 3563 locis
1177 3498 1210 3562 in
1230 3498 1331 3582 publi·

292 3620 365 3665 cum
386 3600 506 3685 flueret,
531 3602 688 3683 custodes,
713 3610 745 3668 et
760 3601 902 3668 subsidia
923 3601 1132 3687 reprimendis
1153 3601 1282 3685 ignibus
1296 3602 1330 3666 in

292 3706 457 3789 propatulo
487 3708 619 3789 quisque
648 3706 794 3789 haberet;
827 3726 886 3771 nec
915 3707 1135 3772 communione
1164 3706 1328 3790 parietum,

293 3805 350 3871 sed
377 3808 510 3892 propriis
532 3828 676 3891 quaeque
703 3810 801 3874 muris
827 3811 1032 3875 ambirentur.
1070 3829 1109 3875 ea
1132 3829 1173 3874 ex
1196 3809 1330 3875 utilitate

294 3916 425 3994 accepta
440 3910 586 3977 decorem
601 3932 726 3995 quoque
742 3933 844 3979 novae
860 3914 930 3979 urbi
945 3915 1086 3980 attulere.
1107 3920 1197 3979 erant
1211 3921 1329 3997 tamen,
