2984 4275
24 964 26 967 v
135 884 296 969 Vestinus,
326 891 439 969 coepta
466 885 558 949 simul
586 891 616 949 et
643 890 738 949 auota
765 884 988 966 coniuratione,
1018 884 1052 947 in
1079 903 1176 964 quam

438 204 463 243 a.
476 189 509 245 U.
524 204 548 243 o.
561 192 668 256 817l18.
691 205 718 258 p.
731 188 794 244 Chr.
807 190 878 258 6415.
1114 174 1174 238 137

135 383 196 446 que
218 364 423 448 haruspicum
448 363 676 447 interpretatio,
706 363 813 448 parari
833 382 939 428 rerum
964 363 1177 428 humanarum

133 468 223 533 aliud
248 475 352 553 eaput,
376 467 518 534 sednon
541 467 609 532 fore
621 468 765 533 validum
787 487 890 549 neque
912 468 1078 553 ooeultum,
1102 469 1177 550 quia

133 573 168 637 in
190 579 280 637 utero
303 591 479 657 repressum
504 577 561 636 aut
582 571 642 638 iter
663 571 754 636 iuxta
776 572 897 637 editum
918 572 967 637 sit.

240 780 293 845 48.
309 781 425 846 Ineunt
436 780 552 846 deinde
569 781 768 846 consulatum
783 780 878 847 Silius
888 781 997 846 Nerva
1012 779 1176 845 etAttious
1218 796 1324 876 errare

135 988 281 1053 certatim
303 990 432 1054 nomina
455 988 609 1053 dederant
624 996 787 1053 senatores
803 1007 900 1070 eques
916 987 1015 1071 miles,
1038 986 1176 1052 feminae

137 1093 243 1175 etiam,
268 1111 341 1157 eum
362 1092 434 1158 odio
455 1092 600 1177 Neronis,
624 1099 691 1157 tum
713 1091 823 1158 favore
844 1093 878 1156 in
900 1091 934 1157 C.
957 1093 1113 1157 Pisonem.
1149 1091 1177 1155 is

134 1195 304 1280 Calpurnio
322 1216 439 1280 genere
458 1203 543 1262 ortus
563 1217 601 1262 ao
617 1197 732 1261 multas
750 1197 954 1279 insignesque
973 1196 1111 1261 familias
1125 1216 1177 1280 pa·

134 1306 225 1365 terna
237 1301 401 1366 nobilitate
414 1301 608 1385 complexus,
627 1301 711 1365 olaro
727 1300 814 1385 apud
829 1301 961 1385 vulgum
975 1320 1100 1366 rumore
1111 1305 1180 1365 erat

135 1424 194 1487 per
214 1404 366 1469 virtutem
394 1410 449 1468 aut
471 1404 592 1497 speeies
614 1404 784 1470 virtutibus
807 1404 934 1470 similes.
972 1422 1112 1487 namque
1135 1403 1179 1468 fa-

136 1508 286 1573 cundiam
308 1508 434 1574 tuendis
455 1508 577 1574 ciuibus
593 1510 772 1590 exercebat,
795 1508 996 1591 largitionem
1009 1508 1179 1575 adversum

136 1613 265 1696 amieos,
300 1619 332 1677 et
357 1613 472 1696 ignotis
495 1632 621 1694 quoque
649 1612 731 1677 oomi
758 1631 904 1677 sermone
932 1619 964 1678 et
992 1631 1178 1698 congressu3

135 1715 271 1781 aderant
293 1717 390 1781 etiam
412 1716 551 1802 fortuita,
584 1735 698 1800 eorpus
721 1735 895 1800 procerum,
926 1716 1042 1782 deeora
1063 1716 1179 1800 faoies3

137 1821 195 1885 sed
217 1820 327 1905 proeul
352 1820 491 1904 gravitas
515 1840 638 1886 morum
665 1826 721 1885 aut
743 1821 941 1904 voluptatum
968 1821 1178 1905 parsimonia:

24 1974 25 1979 1
139 1924 261 1990 levitati
287 1945 325 1989 ao
347 1924 604 2008 magnificentiae
627 1932 659 1990 et
683 1923 854 2006 aliquando
880 1925 958 1990 luxu
980 1923 1178 2006 indulgebat.

133 2028 231 2111 idque
261 2028 403 2114 pluribus
431 2029 635 2114 probabatur,
669 2029 724 2112 qui
754 2030 788 2094 in
818 2034 908 2093 tanta
937 2028 1084 2093 vitiorum
1113 2027 1179 2092 dul-

134 2132 248 2199 eedine
263 2153 421 2199 summum
435 2133 603 2219 imperium
618 2154 681 2200 non
697 2134 875 2199 restrictum
892 2153 952 2198 neo
973 2151 1177 2218 perseverum

135 2238 256 2303 volunt.

240 2342 292 2409 49.
316 2342 444 2407 Initium
467 2342 673 2407 oonimationi
695 2363 760 2407 non
774 2362 795 2406 a
810 2341 956 2426 cupidine
979 2341 1077 2425 ipsius
1099 2340 1176 2425 fuit5

135 2466 197 2511 neo
211 2453 320 2512 tamen
342 2446 436 2512 faoile
452 2447 703 2529 memoraverim,
726 2448 796 2528 quis
818 2446 939 2530 primus
954 2452 1072 2529 auotor,
1089 2446 1178 2510 ouius

135 2550 289 2615 instinctu
303 2551 459 2621 eonoitum
474 2551 524 2635 sit,
540 2551 625 2633 quod
639 2556 707 2615 tam
722 2551 813 2615 multi
828 2556 1037 2635 sumpserunt.
1055 2570 1177 2634 promp-

135 2655 276 2720 tissimos
305 2652 452 2719 Subrium
481 2654 619 2719 Flavum
654 2654 815 2720 tribunum
840 2654 1015 2739 praetoriae
1043 2653 1178 2720 oohortis

138 2766 171 2823 et
192 2758 367 2842 Sulpicium
390 2758 528 2842 Asprum
562 2759 780 2825 centurionem
812 2758 968 2823 exstitisse
1001 2758 1179 2823 constantia

135 2862 243 2927 exitus
265 2861 384 2948 doouit;
409 2869 441 2927 et
454 2864 603 2929 Lueanus
619 2863 772 2928 Annaeus
786 2863 990 2943 Plautiusque
1005 2861 1179 2926 Lateranus

138 2966 248 3032 vivida
270 2965 343 3032 odia
363 2966 508 3033 intulere.
536 2967 703 3032 Lucanum
726 2967 872 3050 propriae
893 2986 1007 3031 eausae
1028 2965 1179 3030 aseende-

136 3071 226 3156 bant,
257 3070 342 3151 quod
368 3070 488 3135 famam
514 3071 690 3136 earminum
717 3070 786 3135 eius
812 3071 977 3155 premebat
1003 3070 1088 3135 Nero
1111 3090 1179 3153 pro·

136 3174 347 3257 hibueratque
369 3180 538 3260 ostentare,
566 3194 667 3239 vanus
695 3173 954 3240 adsimulatione:
984 3174 1179 3238 Lateranum

136 3278 299 3344 consulem
322 3277 523 3361 designatum
539 3278 627 3344 nulla
640 3279 765 3360 iniuria,
789 3278 846 3343 sed
862 3278 1010 3342 amorrei
1032 3275 1179 3359 publicae

136 3382 278 3448 soeiavit.
317 3387 350 3446 at
377 3382 507 3447 Flavius
537 3382 712 3447 Soaevinus
739 3388 772 3449 et
798 3382 948 3448 Afranius
978 3380 1177 3462 Quintianus,

135 3494 270 3568 uterque
297 3486 459 3551 senatorii·
472 3485 599 3567 ordinis,
631 3493 739 3551 eontra
766 3485 885 3550 famam
914 3484 963 3550 sui
989 3482 1179 3568 principium

135 3591 220 3656 tanti
242 3589 391 3655 faeinoris
413 3591 618 3674 capessivere.
653 3611 728 3655 nam
751 3589 906 3656 Scaevino
929 3588 1081 3653 dissoluta
1102 3587 1179 3650 luxu

135 3714 229 3760 mens
257 3701 290 3759 et
311 3695 443 3778 proinde
465 3695 532 3759 vita
558 3715 666 3761 somno
690 3694 859 3776 languida:
891 3691 1081 3768 Quintianus
1104 3690 1178 3755 mol·

135 3798 205 3863 litia
227 3800 365 3883 eorporis
386 3798 514 3863 infamis
543 3804 575 3863 et
597 3819 617 3862 a
638 3798 766 3865 Nerone
787 3798 937 3881 probroso
960 3795 1098 3861 earmina
1121 3794 1177 3859 dif-

136 3902 275 3967 famatus
298 3902 523 3968 eontumeliam
545 3891 647 3967 ultum
668 3902 745 3967 ibat.
