2984 4275
487 217 511 256 a.
524 202 557 257 U.
570 218 593 256 c.
606 205 665 259 815.
690 218 717 269 p.
730 200 793 255 Chr.
806 204 847 257 62.
1124 180 1185 244 107

147 375 235 441 toriis
262 373 444 440 cohortibus
471 376 674 459 imposuerat,
705 374 860 439 Faenium
887 372 1005 437 Rufum
1033 392 1074 436 ex
1099 371 1188 454 vulgi

147 479 267 563 favore,
298 479 375 560 quia
403 498 471 542 rem
498 478 738 542 frumentariam
764 477 833 542 sine
860 483 992 558 quaestu
1019 476 1185 557 tractabat,

146 581 314 648 Sofonium
340 582 542 665 Tigellinum,
570 589 713 646 veterem
739 579 959 664 inpudicitiam
984 586 1081 660 atque
1107 577 1186 642 infa-

147 688 243 751 miam
258 687 292 750 in
308 706 346 751 eo
362 692 499 750 secutus.
523 692 621 766 atque
635 684 682 749 illi
704 704 761 767 pro
777 683 912 766 cognitis
935 682 1073 748 moribus
1087 681 1185 764 fuere,

145 789 283 855 validior
303 789 481 872 Tigellinus
502 789 536 852 in
559 789 664 852 animo
686 788 837 871 principis
860 794 892 851 et
913 787 1031 851 intimis
1053 785 1187 859 libidini·

147 894 206 958 hus
229 893 426 976 adsumptus,
450 912 600 975 prospera
621 891 731 975 populi
754 898 786 956 et
810 890 944 955 militum
967 890 1054 954 fama
1076 889 1185 973 Rufus,

146 995 232 1078 quod
254 995 341 1079 apud
362 995 523 1060 Neronem
545 995 716 1059 adversum
738 994 970 1078 experiebatur.

250 1099 304 1164 52.
341 1099 425 1164 Mors
451 1100 545 1164 Burri
573 1098 703 1180 infregit
728 1098 870 1163 Senecae
896 1097 1078 1182 potentiam,
1111 1098 1186 1179 quia

145 1223 206 1269 nec
235 1203 329 1269 bonis
358 1203 479 1268 artibus
507 1202 593 1267 idem
622 1203 736 1267 virium
766 1209 835 1266 erat
862 1202 961 1266 altero
988 1202 1075 1266 velut
1106 1202 1186 1267 duce

144 1314 252 1372 amoto
275 1313 307 1371 et
328 1308 412 1371 Nero
435 1306 478 1370 ad
499 1307 670 1372 deteriores
690 1307 875 1372 inclinabat.
914 1306 948 1370 hi
969 1306 1064 1370 variis
1086 1305 1186 1370 crimi-

145 1411 329 1477 nationibus
344 1409 502 1475 Senecam
516 1410 710 1492 adoriuntur,
733 1417 897 1491 tamquam
918 1409 1065 1492 ingentes
1080 1417 1113 1474 et
1127 1410 1187 1493 pri·

146 1522 257 1580 vatum
292 1515 420 1578 modum
455 1520 582 1578 evectas
614 1532 691 1596 opes
723 1513 830 1577 adhuc
862 1520 1003 1595 augeret,
1041 1512 1188 1594 quodque

145 1617 251 1682 studia
279 1616 394 1681 civium
419 1618 454 1681 in
481 1636 515 1682 se
537 1622 683 1700 verteret,
711 1616 873 1682 hortorum
900 1636 1024 1698 quoque
1051 1618 1188 1682 amoeni-

145 1728 211 1785 tate
242 1726 274 1784 et
304 1720 451 1784 villarum
484 1719 723 1803 magnificentia
756 1720 846 1803 quasi
879 1720 1054 1804 principem
1083 1740 1188 1805 super·

146 1823 342 1908 grederetur.
367 1824 547 1889 obiciebant
563 1824 659 1888 ctiam
680 1823 880 1904 eloquentiae
902 1824 1030 1889 laudem
1052 1824 1108 1888 uni
1128 1824 1188 1888 sibi

145 1927 325 1993 adsciscere
340 1934 372 1991 et
388 1927 527 1991 carmina
543 1927 684 1993 crebrius
703 1927 858 2011 factitare,
883 1935 1050 2012 postquam
1069 1928 1187 1992 Neroni

145 2051 235 2096 amor
259 2050 367 2096 eorum
382 2030 528 2096 venisset.
552 2051 627 2094 nam
647 2031 888 2096 oblectamentis
910 2031 1060 2115 principis
1081 2032 1188 2114 palam

145 2135 291 2216 iniquum
314 2133 492 2201 detrectare
511 2134 577 2199 rim
599 2135 666 2200 eius
689 2154 787 2216 equos
808 2135 956 2219 regentis,
979 2134 1122 2200 inludere
1136 2156 1189 2200 vo-

144 2258 207 2322 ces,
231 2239 379 2320 quotiens
401 2243 539 2304 caneret.
563 2259 658 2321 quem
680 2238 723 2303 ad
745 2239 841 2303 finem
865 2238 944 2302 nihil
963 2239 996 2303 in
1011 2238 1189 2323 republica

145 2344 270 2407 clarum
292 2341 369 2425 fore,
397 2341 483 2423 quod
510 2362 576 2406 non
598 2343 639 2407 ab
664 2343 717 2406 illo
739 2342 872 2426 reperiri
898 2342 1065 2407 credatur?
1103 2350 1188 2407 certe

143 2446 270 2511 finitam
307 2445 443 2510 Neronis
480 2445 649 2530 pueritiam
684 2454 716 2510 et
749 2446 845 2510 robur
876 2445 1025 2511 iuventae
1060 2444 1186 2510 adesse:

145 2557 277 2616 exueret
312 2549 509 2633 magistrum,
545 2549 623 2614 satis
655 2550 771 2633 amplis
805 2548 987 2615 doctoribus
1019 2550 1188 2614 instructus

145 2653 319 2718 maioribus
342 2653 414 2717 suis.

250 2754 303 2821 53.
334 2757 377 2820 At
399 2755 522 2821 Seneca
543 2755 778 2821 criminantium
800 2777 864 2821 non
886 2757 1026 2841 ignarus,
1054 2757 1187 2840 proden-
1270 2772 1300 2817 ot

145 2859 230 2925 tibus
257 2859 306 2943 iis,
334 2860 449 2942 quibus
475 2860 583 2941 aliqua
608 2859 733 2924 honesti
760 2880 844 2944 cura,
876 2868 908 2924 et
936 2860 1186 2927 familiaritatem
1227 2842 1340 2965 ’32³3‘

146 2964 213 3029 eius
236 2962 339 3047 magis
361 2969 551 3047 aspernante
573 2963 717 3046 Caesare,
746 2970 872 3046 tempus
900 2965 1037 3029 sermoni
1064 2972 1133 3029 orat
1154 2972 1186 3030 et
1211 2983 1258 3027 teu
1271 2980 1354 3034 autc,

146 3073 278 3151 accepto
299 3067 345 3129 ita
367 3067 491 3150 incipit:
515 3059 657 3148 ‘quartus
679 3066 831 3132 decumus
853 3087 956 3133 annus
978 3075 1035 3151 est,
1058 3068 1185 3153 Caesar,

19 3169 21 3244 J
147 3190 187 3234 ex
214 3189 276 3251 quo
302 3170 371 3252 spei
397 3177 472 3235 tuae
498 3169 646 3235 admotus
673 3189 753 3253 sum,
784 3178 924 3255 octavus,
955 3177 991 3235 ut
1017 3172 1187 3255 imperium

19 3255 21 3306 Γ
146 3274 285 3339 obtines:
317 3273 421 3338 medio
450 3274 602 3357 temporis
631 3280 757 3338 tantum
786 3272 941 3340 honorum
970 3282 1064 3356 atque
1091 3295 1187 3359 opum

146 3376 178 3439 in
202 3396 254 3441 me
276 3377 455 3461 cumulasti,
478 3384 514 3440 ut
537 3376 616 3441 nihil
638 3376 783 3441 felicitati
804 3397 895 3443 meae
910 3377 992 3442 desit
1005 3378 1067 3442 nisi
1082 3377 1186 3442 mode·

146 3481 226 3546 ratio
254 3481 332 3546 eius.
370 3486 442 3545 utar
468 3481 594 3563 magnis
624 3480 788 3564 exemplis,
819 3500 880 3545 nec
908 3500 999 3545 meae
1029 3480 1185 3564 fortunae,

146 3583 202 3648 sed
224 3591 308 3650 tuae.
332 3584 454 3649 abavus
476 3592 550 3649 tuus
564 3585 727 3666 Augustus
742 3584 783 3650 M.
800 3585 962 3668 Agrippae
976 3584 1187 3667 Mytilenense

146 3694 313 3771 secretum,
344 3687 379 3753 O.
402 3687 582 3752 Maecenati
609 3688 686 3752 urbe
713 3689 746 3752 in
773 3688 844 3772 ipsa
870 3689 958 3753 velut
985 3687 1187 3771 peregrinum

147 3792 245 3855 otium
268 3790 424 3875 permisit,
455 3810 589 3872 quorum
612 3791 692 3855 alter
714 3791 869 3856 bellorum
891 3792 1003 3872 socius,
1027 3790 1107 3854 alter
1128 3791 1187 3853 Ro·
1257 3785 1258 3788 ’

146 3914 217 3959 mae
240 3895 382 3977 pluribus
409 3894 570 3960 laboribus
595 3895 731 3959 iactatus
754 3896 861 3979 ampla
883 3894 1022 3979 quidem,
1050 3893 1108 3959 sed
1130 3912 1186 3977 pro
