2984 4275
292 192 332 255 68
513 211 563 266 Ab
582 227 697 266 excessu
714 213 747 266 D.
762 213 891 283 Augusti
908 213 979 269 XIII
998 217 1109 271 34-37.

290 386 449 468 potentiae
471 385 590 450 donum
613 386 740 471 habere,
765 395 797 452 et
813 387 947 453 Corbulo
963 388 1095 470 dignum
1111 393 1331 474 magnitudine
1479 369 1480 458 l

290 490 398 572 populi
416 490 551 553 Romani
574 490 702 555 rebatur
724 497 817 573 parta
838 492 913 555 olim
936 493 1102 557 aLucullo
1116 494 1332 579 Pompeioque

288 593 435 676 recipere.
480 594 522 657 ad
549 594 608 660 hoc
635 594 778 658 Armenii
805 595 956 677 ambigua
985 595 1048 660 fide
1078 604 1211 680 utraque
1241 620 1332 665 arma

287 696 475 781 invitabant,
510 699 573 764 situ
606 705 769 782 terrarum,
805 699 1013 764 similitudine
1047 721 1170 765 morum
1204 704 1331 769 Parthis

286 802 447 884 propiores
474 803 680 886 conubiisque
708 804 858 887 permixti
885 823 922 868 ac
951 804 1096 869 libertate
1124 806 1233 888 ignota
1255 807 1331 871 illuc

286 907 390 987 magis
413 914 444 970 et
466 906 509 970 ad
531 908 695 972 servitium
717 908 920 971 inclinantes,

111 1007 269 1075 manuopera
387 1010 439 1075 35.
475 1009 539 1075 Sed
565 1011 734 1076 Corbuloni
763 1012 833 1095 plus
864 1012 955 1076 molis
982 1012 1135 1077 adversus
1165 1014 1329 1095 Ignauiam

117 1090 269 1214 muffssmm
287 1113 421 1177 militum
453 1134 548 1196 quam
579 1121 688 1178 contra
720 1114 886 1198 perfidiam
920 1115 1059 1180 hostium
1093 1123 1175 1182 erat:
1211 1119 1329 1202 quippe
1479 1125 1480 1130 ’

110 1228 268 1284 {attalica
286 1215 379 1282 Suria
409 1225 601 1283 transmotae
634 1219 785 1302 legiones,
822 1239 900 1301 pace
933 1219 1030 1302 longa
1060 1240 1185 1303 segnes,
1220 1223 1330 1286 munia

122 1299 256 1422 mmm
286 1329 460 1388 castrorum
481 1325 655 1406 aegerrime
682 1324 871 1389 tolerabant.
912 1325 990 1389 satis
1013 1325 1151 1389 constitit
1174 1325 1272 1391 fuisse
1295 1327 1328 1391 in

286 1447 323 1492 eo
351 1429 491 1492 exercitu
517 1434 694 1510 veteranos,
726 1429 781 1509 qui
808 1448 872 1492 non
900 1428 1078 1511 stationem,
1110 1449 1173 1492 non
1202 1430 1329 1511 vigilias

284 1532 428 1615 inissent,
452 1531 573 1596 vallum
596 1531 777 1612 fossamque
800 1532 892 1612 quasi
914 1551 998 1595 nova
1021 1539 1053 1596 et
1075 1532 1156 1595 mira
1178 1534 1326 1616 viserent,

284 1636 352 1700 sine
373 1637 482 1717 galeis,
511 1636 579 1700 sine
602 1635 716 1718 loricis,
745 1635 837 1699 nitidi
860 1642 891 1699 et
913 1636 1105 1717 quaestuosi,
1134 1637 1248 1700 militia
1269 1657 1329 1721 per

284 1738 401 1822 oppida
424 1739 559 1823 expleta.
583 1740 681 1822 igitur
696 1739 843 1820 dimissis,
869 1739 983 1821 quibus
1005 1747 1152 1804 senectus
1172 1747 1227 1803 aut
1243 1741 1328 1805 vale·

284 1844 360 1908 tudo
383 1842 519 1908 adversa
542 1851 618 1925 erat,
649 1843 905 1926 supplementum
931 1842 1054 1926 petivit.
1093 1849 1125 1906 et
1147 1843 1249 1907 habiti
1271 1864 1328 1928 per

284 1948 443 2012 Galatiam
470 1947 768 2031 Cappadociamque
795 1946 939 2027 dilectus,
967 1946 1155 2028 adiectaque
1182 1966 1222 2011 ex
1252 1946 1326 2011 Ger-

283 2053 391 2116 mania
413 2053 496 2134 legio
516 2072 589 2115 oum
604 2051 765 2134 equitibus
787 2050 894 2113 alariis
917 2057 948 2113 et
972 2049 1117 2132 peditatu
1139 2048 1324 2115 cohortium.

282 2164 486 2239 retentusque
501 2157 604 2220 omnis
621 2156 777 2219 exereitus
799 2155 857 2219 sub
881 2154 1028 2237 pellibus,
1051 2155 1197 2234 quamvis
1220 2155 1325 2220 hieme

281 2280 381 2325 saera
408 2260 498 2341 adeo,
530 2266 565 2324 ut
591 2258 731 2323 obducta
757 2257 860 2339 glaeie
887 2257 949 2321 nisi
966 2256 1090 2341 ,effossa
1119 2256 1232 2321 humus
1260 2264 1327 2322 ten-

279 2366 371 2429 toriis
393 2366 497 2429 locum
519 2384 583 2429 non
605 2362 783 2446 praeberet.
823 2362 963 2426 ambusti
985 2362 1153 2435 multorum
1183 2368 1270 2426 artus
1293 2365 1328 2428 ri

281 2469 406 2551 frigoris
436 2475 468 2531 et
495 2467 624 2550 quidam
655 2468 737 2531 inter
764 2465 916 2531 excubias
947 2466 1121 2529 exanimati
1152 2472 1233 2530 sunt.
1273 2467 1327 2531 ad-

281 2578 472 2652 notatusque
488 2572 589 2655 miles,
614 2571 668 2652 qui
682 2570 802 2636 fascem
822 2570 981 2651 lignorum
996 2570 1152 2652 gestabat,
1176 2569 1221 2633 ita
1236 2590 1327 2652 prae-

280 2677 414 2759 riguisse
448 2694 570 2756 manus,
606 2682 641 2739 ut
670 2675 759 2739 oneri
790 2673 1002 2738 adhaerentes
1032 2673 1152 2737 truncis
1186 2674 1325 2738 brachiis

281 2780 471 2845 deciderent.
500 2780 567 2862 ipse
591 2780 677 2843 cultu
700 2779 772 2861 levi,
797 2778 901 2861 capite
924 2778 1051 2858 intecto,
1075 2777 1107 2841 in
1131 2777 1267 2861 agmine,
1291 2778 1325 2841 in

280 2884 444 2949 laboribus
466 2883 616 2967 frequens
640 2884 764 2965 adesse,
788 2880 918 2946 laudern
934 2881 1080 2964 strenuis,
1104 2880 1257 2944 solacium
1280 2882 1326 2944 in-

280 2986 405 3072 validis,
429 2988 610 3071 exemplum
633 2985 780 3051 omnibus
803 2983 981 3049 ostendere.
1005 2982 1122 3047 dehinc
1145 2985 1219 3063 quia
1242 2983 1325 3048 duri·

280 3092 357 3155 tiam
389 3091 470 3155 caeli
499 3091 693 3171 militiaeque
724 3089 815 3153 multi
846 3086 1031 3151 abnuebant
1060 3087 1323 3169 deserebantque,

281 3196 455 3261 remedium
477 3196 647 3260 severitate
670 3194 850 3277 quaesitum
873 3198 930 3256 est.
955 3211 1013 3254 neo
1036 3192 1131 3273 enim,
1155 3190 1237 3254 utin
1253 3191 1325 3255 aliis

282 3301 483 3383 exercitibus,
506 3301 642 3383 primum
663 3300 861 3379 alterumque
876 3296 1027 3359 delictum
1043 3294 1137 3359 venia
1159 3314 1325 3378 proseque-

283 3407 385 3487 batur,
409 3404 465 3470 sed
490 3405 544 3487 qui
564 3405 657 3485 signa
672 3403 853 3484 reliquerat,
877 3400 984 3464 statim
1001 3399 1103 3482 capite
1126 3419 1245 3482 poenas
1260 3400 1324 3463 lue-

282 3510 348 3574 bat.
385 3509 481 3591 idque
503 3527 563 3572 usu
585 3507 712 3571 salubre
735 3512 766 3569 et
788 3504 1004 3568 misericordia
1027 3503 1139 3567 melius
1162 3503 1323 3587 apparuit:

284 3615 402 3698 quippe
429 3612 592 3695 pauciores
613 3611 670 3675 illa
691 3616 796 3673 castra
818 3607 985 3672 deseruere
1008 3627 1103 3688 quam
1126 3626 1174 3690 ea,
1202 3606 1235 3669 in
1258 3607 1324 3687 qui-

283 3718 343 3783 bus
361 3715 594 3799 ignoscebatur.

111 3834 258 3887 untertana
384 3820 437 3884 36.
460 3819 591 3883 Interim
607 3817 740 3882 Corbulo
763 3815 942 3897 legionibus
964 3815 1048 3879 intra
1070 3821 1173 3878 castra
1196 3814 1322 3897 habitis,

112 3903 255 4028 mssffissw
283 3924 384 3990 donec
410 3943 467 3989 ver
497 3923 703 4005 adolesceret,
734 3920 960 4003 dispositisque
977 3939 1047 4003 ‘per
1076 3918 1206 3982 idoneos
1237 3918 1324 3982 locos
