2984 4275
306 184 368 248 112
529 200 578 254 Ab
598 215 713 256 excessu
731 201 765 256 D.
778 200 907 269 Augusti
925 199 995 255 XIV
1015 203 1126 257 60-64.

303 372 414 438 liebria
434 372 585 439 Octaviae
607 373 772 458 respondit
793 393 890 455 quam
914 393 949 438 os
971 374 1047 438 eius.
1072 380 1216 438 movetur
1236 380 1347 440 tamen

303 477 404 560 primo
434 478 534 542 civilis
564 477 689 543 discidii
718 477 824 561 specie
857 477 1050 558 domumque
1079 478 1180 561 Burri,
1215 478 1347 561 praedia

302 580 417 664 Plauti,
441 579 581 646 infausta
603 581 696 664 dona,
719 580 850 664 accipit3
874 601 950 646 mox
973 581 1006 644 in
1022 580 1230 664 Campaniam
1253 582 1345 665 pulsa

304 690 352 749 est
373 684 484 749 addita
506 684 633 749 militari
655 683 807 749 custodia.
842 684 918 748 inde
942 685 1044 749 crebri
1066 693 1194 766 questus
1216 705 1276 750 nec
1297 706 1347 751 oc-

304 788 380 852 culti
400 808 459 872 per
474 789 613 873 vulgum,
636 788 687 852 eui
710 789 813 853 minor
827 788 986 871 sapientia
1008 794 1040 852 et
1063 808 1104 853 ex
1125 788 1346 854 mediocritate

303 891 448 958 fortunae
470 893 619 976 pauciora
640 891 780 976 pericula
795 898 879 956 sunt.
904 891 954 956 his
969 892 1064 976 Nero,
1087 898 1252 973 tamquam
1274 912 1346 976 pae-

302 995 437 1059 nitentia
458 994 582 1079 flagitii,
605 995 772 1077 coniugem
797 994 959 1060 revocavit
981 994 1155 1061 Octauiam.

131 1110 223 1165 aarum
233 1111 286 1173 aare
409 1099 460 1162 61.
484 1099 578 1162 Exim
593 1099 668 1163 laeti
681 1098 871 1182 Capitolium
889 1098 1046 1163 scandunt
1061 1097 1201 1179 deosque
1216 1099 1346 1164 tandem

140 1183 278 1302 ,2¹23ss
305 1209 503 1266 venerantur.
529 1200 652 1283 effigies
663 1203 831 1286 Poppaeae
848 1208 1009 1286 proruunt,
1022 1200 1174 1268 Octaviae
1188 1203 1346 1285 imagines

145 1318 277 1372 vastantur
304 1310 431 1388 gestant
453 1305 578 1387 umeris,
601 1311 756 1389 spargunt
776 1305 906 1370 floribus
929 1305 1060 1388 foroque
1082 1324 1121 1370 ac
1135 1306 1262 1390 templis
1284 1313 1347 1371 sta-

144 1397 171 1441 ³²¹
185 1396 277 1441 macru
304 1415 406 1474 tuunt.
429 1408 491 1473 itur
505 1409 600 1473 etiam
623 1409 656 1473 in
670 1410 821 1493 principis
845 1409 959 1474 laudes
981 1410 1114 1493 repetita
1128 1410 1344 1476 veneratione.

303 1513 430 1594 iamque
445 1518 477 1575 et
490 1513 647 1577 Palatium
662 1512 863 1578 multitudine
879 1519 912 1578 et
927 1512 1118 1578 clamoribus
1133 1514 1345 1597 complebant,

305 1635 376 1680 cum
398 1616 505 1680 emissi
527 1616 662 1681 militum
683 1616 771 1699 globi
786 1614 973 1682 verberibus
995 1621 1028 1680 et
1041 1616 1163 1681 intento
1185 1616 1267 1681 ferro
1283 1624 1347 1683 tur-

303 1721 395 1785 batos
410 1717 571 1784 disiecere.
588 1724 782 1801 mutataque,
796 1738 879 1801 quae
894 1739 953 1803 per
968 1719 1157 1785 seditionem
1171 1727 1344 1805 verterant,

305 1828 336 1887 et
355 1824 523 1907 Poppaeae
544 1822 645 1888 honos
667 1823 823 1907 repositus
847 1828 903 1887 est
929 1843 1012 1905 quae
1032 1843 1158 1906 semper
1172 1822 1254 1904 odic,
1277 1830 1347 1889 tum

304 1934 337 1991 et
358 1934 445 1991 metu
467 1933 567 2010 atrox,
592 1946 633 1991 ne
655 1932 709 1991 aut
723 1926 813 2008 vulgi
834 1927 937 1991 acrior
950 1927 999 1992 ris
1014 1926 1173 2010 ingrueret
1189 1935 1244 1993 aut
1259 1930 1347 1995 Nero

303 2030 507 2094 inclinatione
521 2030 628 2114 populi
644 2036 828 2113 mutaretur,
849 2032 1019 2113 prouoluta
1033 2030 1168 2113 genibus
1183 2032 1259 2114 eiua,
1281 2052 1346 2096 non

304 2154 341 2199 eo
363 2134 424 2202 loci
446 2155 497 2200 res
519 2154 592 2200 suas
614 2134 668 2217 ait,
692 2142 727 2199 ut
741 2133 783 2201 de
799 2135 999 2200 matrimonio
1018 2141 1127 2216 certet,
1151 2155 1345 2217 quamquam

303 2238 337 2302 id
362 2239 423 2304 sibi
449 2240 517 2304 rita
542 2240 655 2323 potius,
685 2239 741 2304 sed
767 2238 868 2303 vitam
897 2239 1000 2323 ipsam
1026 2240 1061 2304 in
1087 2246 1264 2304 extremum
1291 2241 1346 2305 ad-

304 2342 433 2407 ductam
454 2363 476 2407 a
497 2342 650 2407 clientelis
673 2348 704 2407 et
727 2342 863 2407 servitiis
878 2341 1041 2425 Octaviae,
1065 2362 1146 2424 quae
1167 2343 1271 2426 plebis
1285 2343 1347 2408 sibi

303 2465 419 2511 nomen
441 2445 624 2528 indiderint,
652 2466 691 2510 ea
712 2446 746 2510 in
773 2466 853 2530 pace
880 2447 961 2527 ausi,
989 2465 1070 2528 quae
1092 2447 1147 2511 vix
1168 2447 1253 2512 bello
1277 2466 1348 2512 eve·

302 2550 417 2613 nirent.
463 2570 552 2614 arma
581 2549 636 2614 illa
664 2549 819 2614 adversus
850 2550 1024 2633 principem
1053 2562 1192 2634 sumpta;
1226 2549 1343 2616 ducem

303 2658 425 2716 tantum
440 2651 589 2735 defuisse,
613 2654 667 2735 qui
690 2653 784 2718 motis
799 2654 895 2718 rebus
919 2653 1013 2717 facile
1033 2654 1233 2737 reperiretur:
1258 2655 1348 2718 omit·

303 2761 383 2820 teret
414 2755 507 2821 modo
529 2756 737 2840 Campaniam
764 2763 795 2821 et
822 2757 855 2820 in
883 2758 995 2822 urbem
1020 2758 1091 2840 ipsa
1119 2764 1274 2842 pergeret,
1304 2757 1348 2822 ad

304 2859 392 2924 cuius
413 2865 527 2924 nutum
550 2859 691 2926 absentis
717 2860 875 2925 tumultus⁴
893 2861 1058 2925 cierentur.
1098 2860 1183 2943 quod
1204 2861 1347 2943 alioquin

304 2982 397 3028 suum
419 2962 591 3029 delictum?
615 2984 710 3046 quam
734 2964 922 3044 cuiusquam
945 2963 1173 3029 offensionem?
1206 2984 1248 3028 an
1272 2965 1347 3047 quia

303 3086 413 3133 veram
434 3069 619 3152 progeniem
640 3068 810 3151 penatibus
833 3067 1005 3132 Caesarum
1027 3067 1140 3132 datura
1162 3068 1224 3132 sit?
1251 3069 1348 3134 malle

303 3170 455 3255 populum
469 3171 647 3235 Romanum
662 3171 799 3236 tibicinis
814 3171 965 3255 Aegyptii
986 3171 1129 3237 subolem
1143 3173 1346 3255 imperatorio

303 3274 430 3357 fastigio
457 3274 585 3339 induci?
630 3274 778 3356 denique,
812 3274 839 3340 si
865 3275 899 3338 id
927 3276 1021 3340 rebus
1052 3274 1215 3358 conducat,
1244 3274 1346 3340 libens

304 3397 399 3458 quam
422 3385 549 3444 coactus
571 3378 687 3444 acciret
709 3377 880 3461 dominam,
910 3378 963 3442 vel
985 3378 1162 3443 consuleret
1185 3378 1347 3443 securitati

304 3480 387 3546 iusta
416 3481 544 3546 ultione.
590 3488 622 3545 et
651 3481 784 3546 modicis
815 3480 961 3545 remediis
991 3482 1108 3564 primos
1138 3487 1242 3546 motus
1274 3501 1345 3547 con-

305 3583 438 3649 sedisse:
473 3584 552 3649 atsi
576 3584 743 3667 desperent
769 3603 901 3649 uxorem
922 3584 1058 3649 Neronis
1080 3583 1147 3650 fore
1169 3583 1345 3666 Octaviam,

159 3713 262 3758 sarteas
304 3687 349 3751 illi
371 3688 521 3752 maritum
543 3686 678 3752 daturos.

131 3785 198 3837 seso
212 3785 248 3838 ll
262 3794 288 3839 ⁸¹¹
411 3790 462 3854 62.
486 3791 600 3855 Varius
623 3810 725 3855 sermo
749 3797 780 3856 et
803 3790 845 3854 ad
867 3797 988 3856 metum
1010 3798 1106 3873 atque
1126 3791 1208 3855 iram
1226 3810 1346 3857 accom-

132 3859 290 3976 mmffipn
307 3893 453 3957 modatus
476 3894 586 3957 terruit
607 3894 700 3958 simul
723 3894 907 3959 audientem
930 3901 962 3959 et
977 3895 1130 3960 accendit.
1155 3894 1212 3960 sed
1233 3914 1345 3980 parum
