<?xml version="1.0" encoding="UTF-8"?>
<!DOCTYPE html PUBLIC "-//W3C//DTD XHTML 1.0 Transitional//EN"
    "http://www.w3.org/TR/xhtml1/DTD/xhtml1-transitional.dtd">
<html xmlns="http://www.w3.org/1999/xhtml" xml:lang="en" lang="en">
 <head>
  <title>
</title>
<meta http-equiv="Content-Type" content="text/html;charset=utf-8" />
  <meta name='ocr-system' content='tesseract 3.04.00' />
  <meta name='ocr-capabilities' content='ocr_page ocr_carea ocr_par ocr_line ocrx_word'/>
</head>
<body>
  <div class='ocr_page' id='page_1' title='image "./dieannalendespc00chrigoog_0131.png"; bbox 0 0 2984 4275; ppageno 0'>
   <div class='ocr_carea' id='block_1_1' title="bbox 291 171 1109 255">
    <p class='ocr_par' dir='ltr' id='par_1_1' title="bbox 291 171 1109 255">
     <span class='ocr_line' id='line_1_1' title="bbox 291 171 1109 255; baseline 0.006 -19"><span class='ocrx_word' id='word_1_1' title='bbox 291 171 354 236; x_wconf 87' lang='lat'>110</span> <span class='ocrx_word' id='word_1_2' title='bbox 513 185 562 241; x_wconf 90' lang='lat' dir='ltr'>Ab</span> <span class='ocrx_word' id='word_1_3' title='bbox 582 202 699 241; x_wconf 85' lang='lat' dir='ltr'>excessu</span> <span class='ocrx_word' id='word_1_4' title='bbox 716 186 750 240; x_wconf 88' lang='lat' dir='ltr'>D.</span> <span class='ocrx_word' id='word_1_5' title='bbox 763 185 892 255; x_wconf 84' lang='lat' dir='ltr'><strong>Augusti</strong></span> <span class='ocrx_word' id='word_1_6' title='bbox 909 185 979 239; x_wconf 89' lang='lat' dir='ltr'>XIV</span> <span class='ocrx_word' id='word_1_7' title='bbox 998 188 1109 242; x_wconf 80' lang='lat'>57-60.</span> 
     </span>
    </p>
   </div>
   <div class='ocr_carea' id='block_1_2' title="bbox 123 359 1332 3961">
    <p class='ocr_par' dir='ltr' id='par_1_2' title="bbox 123 359 1332 3961">
     <span class='ocr_line' id='line_1_2' title="bbox 289 359 1331 444; baseline -0.003 -19"><span class='ocrx_word' id='word_1_8' title='bbox 289 359 509 444; x_wconf 82' lang='lat' dir='ltr'>obstringeret,</span> <span class='ocrx_word' id='word_1_9' title='bbox 542 367 644 425; x_wconf 86' lang='lat' dir='ltr'>metus</span> <span class='ocrx_word' id='word_1_10' title='bbox 671 360 738 424; x_wconf 91' lang='lat' dir='ltr'>eius</span> <span class='ocrx_word' id='word_1_11' title='bbox 766 360 910 442; x_wconf 76' lang='lat' dir='ltr'>rimatur3</span> <span class='ocrx_word' id='word_1_12' title='bbox 942 364 1156 442; x_wconf 88' lang='lat' dir='ltr'>conpertoque</span> <span class='ocrx_word' id='word_1_13' title='bbox 1182 360 1331 423; x_wconf 91' lang='lat' dir='ltr'>Plautum</span> 
     </span>
     <span class='ocr_line' id='line_1_3' title="bbox 290 462 1331 547; baseline -0.003 -19"><span class='ocrx_word' id='word_1_14' title='bbox 290 469 322 528; x_wconf 90' lang='lat' dir='ltr'>et</span> <span class='ocrx_word' id='word_1_15' title='bbox 343 462 466 529; x_wconf 83' lang='lat' dir='ltr'>Sullam</span> <span class='ocrx_word' id='word_1_16' title='bbox 487 464 626 529; x_wconf 86' lang='lat' dir='ltr'>maxime</span> <span class='ocrx_word' id='word_1_17' title='bbox 648 463 761 547; x_wconf 89' lang='lat' dir='ltr'>timeri,</span> <span class='ocrx_word' id='word_1_18' title='bbox 784 464 935 528; x_wconf 90' lang='lat' dir='ltr'>Plautum</span> <span class='ocrx_word' id='word_1_19' title='bbox 957 463 991 527; x_wconf 92' lang='lat' dir='ltr'>in</span> <span class='ocrx_word' id='word_1_20' title='bbox 1011 463 1130 544; x_wconf 83' lang='lat' dir='ltr'>Asiam,</span> <span class='ocrx_word' id='word_1_21' title='bbox 1154 462 1274 528; x_wconf 83' lang='lat' dir='ltr'>Sullam</span> <span class='ocrx_word' id='word_1_22' title='bbox 1297 462 1331 525; x_wconf 91' lang='lat' dir='ltr'>in</span> 
     </span>
     <span class='ocr_line' id='line_1_4' title="bbox 289 566 1331 650; baseline -0.003 -18"><span class='ocrx_word' id='word_1_23' title='bbox 289 566 427 633; x_wconf 80' lang='lat' dir='ltr'>Galliam</span> <span class='ocrx_word' id='word_1_24' title='bbox 448 567 689 633; x_wconf 83' lang='lat' dir='ltr'>Narbonensem</span> <span class='ocrx_word' id='word_1_25' title='bbox 712 587 814 650; x_wconf 88' lang='lat' dir='ltr'>nuper</span> <span class='ocrx_word' id='word_1_26' title='bbox 835 573 967 648; x_wconf 90' lang='lat' dir='ltr'>amotus,</span> <span class='ocrx_word' id='word_1_27' title='bbox 994 566 1194 631; x_wconf 82' lang='lat' dir='ltr'>nobilitatem</span> <span class='ocrx_word' id='word_1_28' title='bbox 1222 585 1331 630; x_wconf 89' lang='lat' dir='ltr'>eorum</span> 
     </span>
     <span class='ocr_line' id='line_1_5' title="bbox 289 668 1332 756; baseline -0.002 -21"><span class='ocrx_word' id='word_1_29' title='bbox 289 678 322 735; x_wconf 91' lang='lat' dir='ltr'>et</span> <span class='ocrx_word' id='word_1_30' title='bbox 343 671 534 756; x_wconf 87' lang='lat' dir='ltr'>propinquos</span> <span class='ocrx_word' id='word_1_31' title='bbox 554 670 627 736; x_wconf 89' lang='lat' dir='ltr'>huic</span> <span class='ocrx_word' id='word_1_32' title='bbox 642 670 789 753; x_wconf 76' lang='lat' dir='ltr'>Orientis,</span> <span class='ocrx_word' id='word_1_33' title='bbox 812 669 857 735; x_wconf 91' lang='lat' dir='ltr'>illi</span> <span class='ocrx_word' id='word_1_34' title='bbox 873 668 1062 735; x_wconf 83' lang='lat' dir='ltr'>Germaniae</span> <span class='ocrx_word' id='word_1_35' title='bbox 1077 669 1234 734; x_wconf 84' lang='lat' dir='ltr'>exercitus</span> <span class='ocrx_word' id='word_1_36' title='bbox 1249 689 1332 733; x_wconf 90' lang='lat' dir='ltr'>com-</span> 
     </span>
     <span class='ocr_line' id='line_1_6' title="bbox 288 772 1331 857; baseline 0.001 -21"><span class='ocrx_word' id='word_1_37' title='bbox 288 781 452 839; x_wconf 89' lang='lat' dir='ltr'>memorat.</span> <span class='ocrx_word' id='word_1_38' title='bbox 490 794 554 839; x_wconf 94' lang='lat' dir='ltr'>non</span> <span class='ocrx_word' id='word_1_39' title='bbox 576 794 621 855; x_wconf 93' lang='lat' dir='ltr'>se,</span> <span class='ocrx_word' id='word_1_40' title='bbox 649 780 684 838; x_wconf 90' lang='lat' dir='ltr'>ut</span> <span class='ocrx_word' id='word_1_41' title='bbox 706 774 850 856; x_wconf 89' lang='lat' dir='ltr'>Burrum,</span> <span class='ocrx_word' id='word_1_42' title='bbox 875 773 1018 837; x_wconf 90' lang='lat' dir='ltr'>diversas</span> <span class='ocrx_word' id='word_1_43' title='bbox 1040 792 1121 857; x_wconf 89' lang='lat' dir='ltr'>spes,</span> <span class='ocrx_word' id='word_1_44' title='bbox 1150 772 1208 838; x_wconf 89' lang='lat' dir='ltr'>sed</span> <span class='ocrx_word' id='word_1_45' title='bbox 1230 773 1331 837; x_wconf 91' lang='lat' dir='ltr'>solam</span> 
     </span>
     <span class='ocr_line' id='line_1_7' title="bbox 288 864 1329 961; baseline 0.001 -21"><span class='ocrx_word' id='word_1_46' title='bbox 288 876 537 943; x_wconf 81' lang='lat' dir='ltr'>incolumitatem</span> <span class='ocrx_word' id='word_1_47' title='bbox 558 864 693 943; x_wconf 87' lang='lat' dir='ltr'>Neronis</span> <span class='ocrx_word' id='word_1_48' title='bbox 715 883 872 961; x_wconf 89' lang='lat' dir='ltr'>spectare;</span> <span class='ocrx_word' id='word_1_49' title='bbox 896 878 947 942; x_wconf 92' lang='lat' dir='ltr'>cui</span> <span class='ocrx_word' id='word_1_50' title='bbox 969 877 1075 941; x_wconf 86' lang='lat' dir='ltr'>caveri</span> <span class='ocrx_word' id='word_1_51' title='bbox 1096 882 1267 958; x_wconf 88' lang='lat' dir='ltr'>utcumque</span> <span class='ocrx_word' id='word_1_52' title='bbox 1288 877 1329 941; x_wconf 90' lang='lat' dir='ltr'>ab</span> 
     </span>
     <span class='ocr_line' id='line_1_8' title="bbox 289 980 1330 1065; baseline 0 -22"><span class='ocrx_word' id='word_1_53' title='bbox 289 981 418 1046; x_wconf 90' lang='lat' dir='ltr'>urbanis</span> <span class='ocrx_word' id='word_1_54' title='bbox 439 981 574 1045; x_wconf 84' lang='lat' dir='ltr'>insidiis.</span> <span class='ocrx_word' id='word_1_55' title='bbox 588 981 747 1065; x_wconf 88' lang='lat' dir='ltr'>praesenti</span> <span class='ocrx_word' id='word_1_56' title='bbox 769 1000 883 1063; x_wconf 90' lang='lat' dir='ltr'>opera:</span> <span class='ocrx_word' id='word_1_57' title='bbox 911 980 1101 1063; x_wconf 82' lang='lat' dir='ltr'>longinquos</span> <span class='ocrx_word' id='word_1_58' title='bbox 1129 986 1233 1044; x_wconf 90' lang='lat' dir='ltr'>motus</span> <span class='ocrx_word' id='word_1_59' title='bbox 1255 999 1330 1061; x_wconf 90' lang='lat' dir='ltr'>quo-</span> 
     </span>
     <span class='ocr_line' id='line_1_9' title="bbox 289 1083 1330 1169; baseline 0 -22"><span class='ocrx_word' id='word_1_60' title='bbox 289 1104 364 1148; x_wconf 88' lang='lat' dir='ltr'>nam</span> <span class='ocrx_word' id='word_1_61' title='bbox 385 1083 480 1149; x_wconf 93' lang='lat' dir='ltr'>modo</span> <span class='ocrx_word' id='word_1_62' title='bbox 502 1085 667 1169; x_wconf 86' lang='lat' dir='ltr'>comprimi</span> <span class='ocrx_word' id='word_1_63' title='bbox 694 1085 809 1168; x_wconf 78' lang='lat' dir='ltr'>posse?</span> <span class='ocrx_word' id='word_1_64' title='bbox 855 1090 978 1148; x_wconf 89' lang='lat' dir='ltr'>erectas</span> <span class='ocrx_word' id='word_1_65' title='bbox 1001 1083 1122 1148; x_wconf 82' lang='lat' dir='ltr'>Gallias</span> <span class='ocrx_word' id='word_1_66' title='bbox 1145 1083 1187 1147; x_wconf 90' lang='lat' dir='ltr'>ad</span> <span class='ocrx_word' id='word_1_67' title='bbox 1213 1103 1330 1149; x_wconf 87' lang='lat' dir='ltr'>nomen</span> 
     </span>
     <span class='ocr_line' id='line_1_10' title="bbox 289 1186 1330 1273; baseline 0.001 -23"><span class='ocrx_word' id='word_1_68' title='bbox 289 1186 498 1269; x_wconf 87' lang='lat' dir='ltr'>dictatorium,</span> <span class='ocrx_word' id='word_1_69' title='bbox 526 1207 586 1253; x_wconf 87' lang='lat' dir='ltr'>nec</span> <span class='ocrx_word' id='word_1_70' title='bbox 613 1187 719 1253; x_wconf 89' lang='lat' dir='ltr'>minus</span> <span class='ocrx_word' id='word_1_71' title='bbox 745 1207 914 1273; x_wconf 85' lang='lat' dir='ltr'>suspensos</span> <span class='ocrx_word' id='word_1_72' title='bbox 934 1187 1030 1252; x_wconf 88' lang='lat' dir='ltr'>Asiae</span> <span class='ocrx_word' id='word_1_73' title='bbox 1053 1188 1185 1270; x_wconf 91' lang='lat' dir='ltr'>populos</span> <span class='ocrx_word' id='word_1_74' title='bbox 1207 1187 1330 1251; x_wconf 90' lang='lat' dir='ltr'>claritu-</span> 
     </span>
     <span class='ocr_line' id='line_1_11' title="bbox 288 1290 1330 1376; baseline 0 -22"><span class='ocrx_word' id='word_1_75' title='bbox 288 1290 364 1355; x_wconf 91' lang='lat' dir='ltr'>dine</span> <span class='ocrx_word' id='word_1_76' title='bbox 385 1291 439 1355; x_wconf 84' lang='lat' dir='ltr'>avi</span> <span class='ocrx_word' id='word_1_77' title='bbox 461 1291 564 1356; x_wconf 86' lang='lat' dir='ltr'>Drusi.</span> <span class='ocrx_word' id='word_1_78' title='bbox 599 1291 719 1357; x_wconf 89' lang='lat' dir='ltr'>Sullam</span> <span class='ocrx_word' id='word_1_79' title='bbox 741 1293 878 1376; x_wconf 86' lang='lat' dir='ltr'>inopem,</span> <span class='ocrx_word' id='word_1_80' title='bbox 902 1291 988 1357; x_wconf 89' lang='lat' dir='ltr'>unde</span> <span class='ocrx_word' id='word_1_81' title='bbox 1010 1291 1213 1374; x_wconf 89' lang='lat' dir='ltr'>praecipuam</span> <span class='ocrx_word' id='word_1_82' title='bbox 1235 1290 1330 1355; x_wconf 90' lang='lat' dir='ltr'>auda·</span> 
     </span>
     <span class='ocr_line' id='line_1_12' title="bbox 288 1394 1331 1480; baseline 0 -22"><span class='ocrx_word' id='word_1_83' title='bbox 288 1394 380 1476; x_wconf 90' lang='lat' dir='ltr'>ciam,</span> <span class='ocrx_word' id='word_1_84' title='bbox 411 1400 443 1458; x_wconf 88' lang='lat' dir='ltr'>et</span> <span class='ocrx_word' id='word_1_85' title='bbox 471 1394 687 1460; x_wconf 87' lang='lat' dir='ltr'>simulatorem</span> <span class='ocrx_word' id='word_1_86' title='bbox 717 1395 883 1480; x_wconf 81' lang='lat' dir='ltr'>segnitiae,</span> <span class='ocrx_word' id='word_1_87' title='bbox 919 1395 995 1459; x_wconf 93' lang='lat' dir='ltr'>dum</span> <span class='ocrx_word' id='word_1_88' title='bbox 1025 1395 1197 1460; x_wconf 87' lang='lat' dir='ltr'>temeritati</span> <span class='ocrx_word' id='word_1_89' title='bbox 1226 1394 1331 1459; x_wconf 92' lang='lat' dir='ltr'>looum</span> 
     </span>
     <span class='ocr_line' id='line_1_13' title="bbox 287 1496 1331 1582; baseline 0 -21"><span class='ocrx_word' id='word_1_90' title='bbox 287 1497 448 1581; x_wconf 84' lang='lat' dir='ltr'>reperiret.</span> <span class='ocrx_word' id='word_1_91' title='bbox 493 1498 640 1562; x_wconf 89' lang='lat' dir='ltr'>Plautum</span> <span class='ocrx_word' id='word_1_92' title='bbox 675 1499 802 1580; x_wconf 80' lang='lat' dir='ltr'>magnis</span> <span class='ocrx_word' id='word_1_93' title='bbox 835 1499 948 1582; x_wconf 88' lang='lat' dir='ltr'>opibus</span> <span class='ocrx_word' id='word_1_94' title='bbox 977 1517 1018 1563; x_wconf 90' lang='lat' dir='ltr'>ne</span> <span class='ocrx_word' id='word_1_95' title='bbox 1049 1497 1170 1581; x_wconf 80' lang='lat' dir='ltr'>fingere</span> <span class='ocrx_word' id='word_1_96' title='bbox 1200 1496 1331 1578; x_wconf 90' lang='lat' dir='ltr'>quidem</span> 
     </span>
     <span class='ocr_line' id='line_1_14' title="bbox 288 1599 1330 1684; baseline 0.001 -20"><span class='ocrx_word' id='word_1_97' title='bbox 288 1599 469 1684; x_wconf 76' lang='lat' dir='ltr'>cupidinem</span> <span class='ocrx_word' id='word_1_98' title='bbox 485 1601 549 1683; x_wconf 90' lang='lat' dir='ltr'>otii,</span> <span class='ocrx_word' id='word_1_99' title='bbox 567 1601 625 1666; x_wconf 89' lang='lat' dir='ltr'>sed</span> <span class='ocrx_word' id='word_1_100' title='bbox 639 1607 784 1666; x_wconf 88' lang='lat' dir='ltr'>veterum</span> <span class='ocrx_word' id='word_1_101' title='bbox 798 1603 1012 1667; x_wconf 87' lang='lat' dir='ltr'>Romanorum</span> <span class='ocrx_word' id='word_1_102' title='bbox 1028 1600 1228 1666; x_wconf 90' lang='lat' dir='ltr'>imitamenta</span> <span class='ocrx_word' id='word_1_103' title='bbox 1242 1620 1330 1684; x_wconf 89' lang='lat' dir='ltr'>prae-</span> 
     </span>
     <span class='ocr_line' id='line_1_15' title="bbox 287 1702 1330 1788; baseline 0 -20"><span class='ocrx_word' id='word_1_104' title='bbox 287 1702 379 1785; x_wconf 88' lang='lat' dir='ltr'>ferre,</span> <span class='ocrx_word' id='word_1_105' title='bbox 414 1703 584 1788; x_wconf 90' lang='lat' dir='ltr'>adsumpta</span> <span class='ocrx_word' id='word_1_106' title='bbox 614 1704 709 1769; x_wconf 87' lang='lat' dir='ltr'>ctiam</span> <span class='ocrx_word' id='word_1_107' title='bbox 740 1704 918 1770; x_wconf 87' lang='lat' dir='ltr'>Stoicorum</span> <span class='ocrx_word' id='word_1_108' title='bbox 947 1704 1136 1786; x_wconf 82' lang='lat' dir='ltr'>adrogantia</span> <span class='ocrx_word' id='word_1_109' title='bbox 1169 1710 1330 1787; x_wconf 86' lang='lat' dir='ltr'>sectaque,</span> 
     </span>
     <span class='ocr_line' id='line_1_16' title="bbox 288 1807 1331 1892; baseline 0.003 -23"><span class='ocrx_word' id='word_1_110' title='bbox 288 1825 370 1888; x_wconf 86' lang='lat' dir='ltr'>quae</span> <span class='ocrx_word' id='word_1_111' title='bbox 391 1807 534 1873; x_wconf 90' lang='lat' dir='ltr'>turbidos</span> <span class='ocrx_word' id='word_1_112' title='bbox 556 1814 589 1872; x_wconf 93' lang='lat' dir='ltr'>et</span> <span class='ocrx_word' id='word_1_113' title='bbox 602 1809 802 1891; x_wconf 79' lang='lat' dir='ltr'>negotiorum</span> <span class='ocrx_word' id='word_1_114' title='bbox 824 1808 1012 1892; x_wconf 86' lang='lat' dir='ltr'>adpetentes</span> <span class='ocrx_word' id='word_1_115' title='bbox 1034 1807 1141 1874; x_wconf 86' lang='lat' dir='ltr'>faciat.</span> <span class='ocrx_word' id='word_1_116' title='bbox 1166 1827 1225 1872; x_wconf 91' lang='lat' dir='ltr'>nec</span> <span class='ocrx_word' id='word_1_117' title='bbox 1247 1808 1331 1872; x_wconf 89' lang='lat' dir='ltr'>ultra</span> 
     </span>
     <span class='ocr_line' id='line_1_17' title="bbox 125 1910 1330 1996; baseline 0.005 -27"><span class='ocrx_word' id='word_1_118' title='bbox 125 1925 261 1979; x_wconf 68' lang='lat' dir='ltr'>emortum</span> <span class='ocrx_word' id='word_1_119' title='bbox 288 1930 384 1975; x_wconf 88' lang='lat' dir='ltr'>mora.</span> <span class='ocrx_word' id='word_1_120' title='bbox 423 1910 512 1976; x_wconf 86' lang='lat' dir='ltr'>Sulla</span> <span class='ocrx_word' id='word_1_121' title='bbox 533 1918 623 1976; x_wconf 84' lang='lat' dir='ltr'>sexto</span> <span class='ocrx_word' id='word_1_122' title='bbox 646 1911 698 1976; x_wconf 93' lang='lat' dir='ltr'>die</span> <span class='ocrx_word' id='word_1_123' title='bbox 720 1912 879 1996; x_wconf 86' lang='lat' dir='ltr'>pervectis</span> <span class='ocrx_word' id='word_1_124' title='bbox 899 1911 1072 1976; x_wconf 89' lang='lat' dir='ltr'>Massiliam</span> <span class='ocrx_word' id='word_1_125' title='bbox 1095 1911 1330 1994; x_wconf 85' lang='lat' dir='ltr'>percussoribus</span> 
     </span>
     <span class='ocr_line' id='line_1_18' title="bbox 133 1995 1330 2099; baseline 0.002 -21"><span class='ocrx_word' id='word_1_126' title='bbox 133 1995 170 2040; x_wconf 57' lang='grc' dir='ltr'>Μ</span> <span class='ocrx_word' id='word_1_127' title='bbox 183 1995 257 2039; x_wconf 73' lang='lat' dir='ltr'>auur.</span> <span class='ocrx_word' id='word_1_128' title='bbox 288 2020 362 2079; x_wconf 91' lang='lat' dir='ltr'>ante</span> <span class='ocrx_word' id='word_1_129' title='bbox 385 2020 506 2080; x_wconf 89' lang='lat' dir='ltr'>metum</span> <span class='ocrx_word' id='word_1_130' title='bbox 519 2021 551 2079; x_wconf 89' lang='lat' dir='ltr'>et</span> <span class='ocrx_word' id='word_1_131' title='bbox 565 2034 723 2080; x_wconf 89' lang='lat' dir='ltr'>rumorem</span> <span class='ocrx_word' id='word_1_132' title='bbox 745 2015 941 2099; x_wconf 85' lang='lat' dir='ltr'>interficitur,</span> <span class='ocrx_word' id='word_1_133' title='bbox 965 2035 1037 2080; x_wconf 91' lang='lat' dir='ltr'>cum</span> <span class='ocrx_word' id='word_1_134' title='bbox 1058 2015 1210 2098; x_wconf 88' lang='lat' dir='ltr'>epulandi</span> <span class='ocrx_word' id='word_1_135' title='bbox 1233 2034 1330 2080; x_wconf 87' lang='lat' dir='ltr'>causa</span> 
     </span>
     <span class='ocr_line' id='line_1_19' title="bbox 288 2117 1330 2203; baseline 0 -20"><span class='ocrx_word' id='word_1_136' title='bbox 288 2117 507 2184; x_wconf 90' lang='lat' dir='ltr'>discumberet.</span> <span class='ocrx_word' id='word_1_137' title='bbox 539 2118 696 2203; x_wconf 92' lang='lat' dir='ltr'>perlatum</span> <span class='ocrx_word' id='word_1_138' title='bbox 719 2125 815 2203; x_wconf 87' lang='lat' dir='ltr'>caput</span> <span class='ocrx_word' id='word_1_139' title='bbox 836 2119 904 2184; x_wconf 89' lang='lat' dir='ltr'>eius</span> <span class='ocrx_word' id='word_1_140' title='bbox 926 2119 1035 2183; x_wconf 88' lang='lat' dir='ltr'>inlusit</span> <span class='ocrx_word' id='word_1_141' title='bbox 1056 2119 1143 2184; x_wconf 90' lang='lat' dir='ltr'>Nero</span> <span class='ocrx_word' id='word_1_142' title='bbox 1165 2125 1330 2201; x_wconf 88' lang='lat' dir='ltr'>tamquam</span> 
     </span>
     <span class='ocr_line' id='line_1_20' title="bbox 287 2222 801 2305; baseline 0 -18"><span class='ocrx_word' id='word_1_143' title='bbox 287 2229 491 2305; x_wconf 86' lang='lat' dir='ltr'>praematura</span> <span class='ocrx_word' id='word_1_144' title='bbox 512 2223 629 2287; x_wconf 90' lang='lat' dir='ltr'>canitie</span> <span class='ocrx_word' id='word_1_145' title='bbox 651 2222 801 2287; x_wconf 86' lang='lat' dir='ltr'>deforme.</span> 
     </span>
     <span class='ocr_line' id='line_1_21' title="bbox 139 2325 1328 2410; baseline -0.002 -17"><span class='ocrx_word' id='word_1_146' title='bbox 139 2340 245 2395; x_wconf 66' lang='lat' dir='ltr'>tronus,</span> <span class='ocrx_word' id='word_1_147' title='bbox 393 2325 445 2392; x_wconf 79' lang='lat'>58.</span> <span class='ocrx_word' id='word_1_148' title='bbox 469 2327 581 2392; x_wconf 91' lang='lat' dir='ltr'>Plauto</span> <span class='ocrx_word' id='word_1_149' title='bbox 604 2327 710 2410; x_wconf 90' lang='lat' dir='ltr'>parari</span> <span class='ocrx_word' id='word_1_150' title='bbox 724 2345 835 2392; x_wconf 90' lang='lat' dir='ltr'>necem</span> <span class='ocrx_word' id='word_1_151' title='bbox 852 2347 916 2391; x_wconf 94' lang='lat' dir='ltr'>non</span> <span class='ocrx_word' id='word_1_152' title='bbox 939 2326 1071 2410; x_wconf 88' lang='lat' dir='ltr'>perinde</span> <span class='ocrx_word' id='word_1_153' title='bbox 1086 2327 1244 2391; x_wconf 89' lang='lat' dir='ltr'>occultum</span> <span class='ocrx_word' id='word_1_154' title='bbox 1259 2326 1328 2410; x_wconf 84' lang='lat' dir='ltr'>fuit,</span> 
     </span>
     <span class='ocr_line' id='line_1_22' title="bbox 134 2411 1329 2532; baseline 0.002 -39"><span class='ocrx_word' id='word_1_155' title='bbox 134 2411 254 2532; x_wconf 48' lang='grc' dir='ltr'>,ζζζιξζζη</span> <span class='ocrx_word' id='word_1_156' title='bbox 289 2430 365 2511; x_wconf 85' lang='lat' dir='ltr'>quia</span> <span class='ocrx_word' id='word_1_157' title='bbox 393 2430 535 2514; x_wconf 90' lang='lat' dir='ltr'>pluribus</span> <span class='ocrx_word' id='word_1_158' title='bbox 564 2430 649 2496; x_wconf 91' lang='lat' dir='ltr'>salus</span> <span class='ocrx_word' id='word_1_159' title='bbox 676 2431 742 2495; x_wconf 89' lang='lat' dir='ltr'>eius</span> <span class='ocrx_word' id='word_1_160' title='bbox 769 2431 960 2515; x_wconf 83' lang='lat' dir='ltr'>curabatur3·</span> <span class='ocrx_word' id='word_1_161' title='bbox 985 2436 1017 2495; x_wconf 92' lang='lat' dir='ltr'>et</span> <span class='ocrx_word' id='word_1_162' title='bbox 1038 2430 1178 2514; x_wconf 86' lang='lat' dir='ltr'>spatium</span> <span class='ocrx_word' id='word_1_163' title='bbox 1207 2430 1329 2496; x_wconf 90' lang='lat' dir='ltr'>itineris</span> 
     </span>
     <span class='ocr_line' id='line_1_23' title="bbox 129 2533 1329 2619; baseline 0.004 -26"><span class='ocrx_word' id='word_1_164' title='bbox 129 2548 258 2601; x_wconf 66' lang='lat' dir='ltr'>aarum</span> <span class='ocrx_word' id='word_1_165' title='bbox 289 2554 327 2599; x_wconf 91' lang='lat' dir='ltr'>ao</span> <span class='ocrx_word' id='word_1_166' title='bbox 348 2534 445 2599; x_wconf 87' lang='lat' dir='ltr'>maris</span> <span class='ocrx_word' id='word_1_167' title='bbox 467 2540 656 2617; x_wconf 89' lang='lat' dir='ltr'>tempusque</span> <span class='ocrx_word' id='word_1_168' title='bbox 678 2534 876 2599; x_wconf 90' lang='lat' dir='ltr'>interiectum</span> <span class='ocrx_word' id='word_1_169' title='bbox 899 2541 1041 2599; x_wconf 87' lang='lat' dir='ltr'>moverat</span> <span class='ocrx_word' id='word_1_170' title='bbox 1063 2533 1197 2619; x_wconf 86' lang='lat' dir='ltr'>famam;</span> <span class='ocrx_word' id='word_1_171' title='bbox 1221 2534 1329 2618; x_wconf 80' lang='lat' dir='ltr'>vulgo</span> 
     </span>
     <span class='ocr_line' id='line_1_24' title="bbox 123 2617 1329 2728; baseline 0.001 -28"><span class='ocrx_word' id='word_1_172' title='bbox 123 2617 264 2672; x_wconf 58' lang='lat' dir='ltr'>”ll‘lllll</span> <span class='ocrx_word' id='word_1_173' title='bbox 289 2657 351 2719; x_wconf 86' lang='lat' dir='ltr'>que</span> <span class='ocrx_word' id='word_1_174' title='bbox 376 2636 541 2719; x_wconf 83' lang='lat' dir='ltr'>fingebant</span> <span class='ocrx_word' id='word_1_175' title='bbox 571 2638 706 2722; x_wconf 91' lang='lat' dir='ltr'>petitum</span> <span class='ocrx_word' id='word_1_176' title='bbox 733 2639 774 2704; x_wconf 90' lang='lat' dir='ltr'>ab</span> <span class='ocrx_word' id='word_1_177' title='bbox 802 2657 840 2702; x_wconf 89' lang='lat' dir='ltr'>eo</span> <span class='ocrx_word' id='word_1_178' title='bbox 862 2637 1083 2721; x_wconf 84' lang='lat' dir='ltr'>Corbulonem,</span> <span class='ocrx_word' id='word_1_179' title='bbox 1114 2637 1239 2728; x_wconf 82' lang='lat' dir='ltr'>magnis</span> <span class='ocrx_word' id='word_1_180' title='bbox 1262 2643 1329 2702; x_wconf 92' lang='lat' dir='ltr'>tum</span> 
     </span>
     <span class='ocr_line' id='line_1_25' title="bbox 288 2740 1329 2823; baseline 0 -18"><span class='ocrx_word' id='word_1_181' title='bbox 288 2740 481 2805; x_wconf 81' lang='lat' dir='ltr'>exercitibus</span> <span class='ocrx_word' id='word_1_182' title='bbox 502 2741 737 2823; x_wconf 90' lang='lat' dir='ltr'>praesidentem</span> <span class='ocrx_word' id='word_1_183' title='bbox 760 2747 800 2823; x_wconf 87' lang='lat' dir='ltr'>et,</span> <span class='ocrx_word' id='word_1_184' title='bbox 824 2742 901 2805; x_wconf 91' lang='lat' dir='ltr'>clari</span> <span class='ocrx_word' id='word_1_185' title='bbox 922 2748 1018 2822; x_wconf 89' lang='lat' dir='ltr'>atque</span> <span class='ocrx_word' id='word_1_186' title='bbox 1033 2741 1175 2805; x_wconf 89' lang='lat' dir='ltr'>insontes</span> <span class='ocrx_word' id='word_1_187' title='bbox 1194 2740 1221 2804; x_wconf 91' lang='lat' dir='ltr'>si</span> <span class='ocrx_word' id='word_1_188' title='bbox 1235 2740 1329 2805; x_wconf 88' lang='lat' dir='ltr'>inter-</span> 
     </span>
     <span class='ocr_line' id='line_1_26' title="bbox 286 2842 1329 2928; baseline 0.001 -22"><span class='ocrx_word' id='word_1_189' title='bbox 286 2842 464 2925; x_wconf 83' lang='lat' dir='ltr'>ficerentur,</span> <span class='ocrx_word' id='word_1_190' title='bbox 488 2844 694 2928; x_wconf 89' lang='lat' dir='ltr'>praecipuum</span> <span class='ocrx_word' id='word_1_191' title='bbox 717 2844 760 2909; x_wconf 92' lang='lat' dir='ltr'>ad</span> <span class='ocrx_word' id='word_1_192' title='bbox 783 2844 932 2927; x_wconf 86' lang='lat' dir='ltr'>pericula.</span> <span class='ocrx_word' id='word_1_193' title='bbox 949 2845 1025 2925; x_wconf 90' lang='lat' dir='ltr'>quin</span> <span class='ocrx_word' id='word_1_194' title='bbox 1043 2850 1075 2908; x_wconf 91' lang='lat' dir='ltr'>et</span> <span class='ocrx_word' id='word_1_195' title='bbox 1085 2844 1196 2907; x_wconf 86' lang='lat' dir='ltr'>Asiam</span> <span class='ocrx_word' id='word_1_196' title='bbox 1218 2843 1329 2908; x_wconf 88' lang='lat' dir='ltr'>favore</span> 
     </span>
     <span class='ocr_line' id='line_1_27' title="bbox 286 2946 1330 3031; baseline -0.001 -20"><span class='ocrx_word' id='word_1_197' title='bbox 286 2946 412 3011; x_wconf 81' lang='lat' dir='ltr'>iuvenis</span> <span class='ocrx_word' id='word_1_198' title='bbox 437 2968 528 3012; x_wconf 89' lang='lat' dir='ltr'>arma</span> <span class='ocrx_word' id='word_1_199' title='bbox 554 2949 687 3031; x_wconf 89' lang='lat' dir='ltr'>cepisse,</span> <span class='ocrx_word' id='word_1_200' title='bbox 717 2967 777 3013; x_wconf 89' lang='lat' dir='ltr'>neo</span> <span class='ocrx_word' id='word_1_201' title='bbox 804 2948 918 3012; x_wconf 85' lang='lat' dir='ltr'>milites</span> <span class='ocrx_word' id='word_1_202' title='bbox 944 2946 987 3011; x_wconf 90' lang='lat' dir='ltr'>ad</span> <span class='ocrx_word' id='word_1_203' title='bbox 1014 2947 1117 3012; x_wconf 89' lang='lat' dir='ltr'>scelus</span> <span class='ocrx_word' id='word_1_204' title='bbox 1138 2948 1251 3012; x_wconf 90' lang='lat' dir='ltr'>missos</span> <span class='ocrx_word' id='word_1_205' title='bbox 1274 2953 1330 3012; x_wconf 92' lang='lat' dir='ltr'>aut</span> 
     </span>
     <span class='ocr_line' id='line_1_28' title="bbox 286 3050 1330 3135; baseline 0.001 -21"><span class='ocrx_word' id='word_1_206' title='bbox 286 3070 417 3115; x_wconf 92' lang='lat' dir='ltr'>numero</span> <span class='ocrx_word' id='word_1_207' title='bbox 438 3051 560 3116; x_wconf 83' lang='lat' dir='ltr'>validos</span> <span class='ocrx_word' id='word_1_208' title='bbox 582 3057 637 3115; x_wconf 89' lang='lat' dir='ltr'>aut</span> <span class='ocrx_word' id='word_1_209' title='bbox 659 3053 766 3116; x_wconf 91' lang='lat' dir='ltr'>animo</span> <span class='ocrx_word' id='word_1_210' title='bbox 787 3057 958 3135; x_wconf 89' lang='lat' dir='ltr'>promptos,</span> <span class='ocrx_word' id='word_1_211' title='bbox 987 3057 1155 3135; x_wconf 90' lang='lat' dir='ltr'>postquam</span> <span class='ocrx_word' id='word_1_212' title='bbox 1176 3050 1264 3115; x_wconf 90' lang='lat' dir='ltr'>iussa</span> <span class='ocrx_word' id='word_1_213' title='bbox 1287 3050 1330 3115; x_wconf 86' lang='lat' dir='ltr'>ef·</span> 
     </span>
     <span class='ocr_line' id='line_1_29' title="bbox 286 3153 1330 3238; baseline 0.001 -22"><span class='ocrx_word' id='word_1_214' title='bbox 286 3153 381 3218; x_wconf 89' lang='lat' dir='ltr'>ficere</span> <span class='ocrx_word' id='word_1_215' title='bbox 407 3154 617 3238; x_wconf 81' lang='lat' dir='ltr'>nequiverint,</span> <span class='ocrx_word' id='word_1_216' title='bbox 645 3153 688 3218; x_wconf 90' lang='lat' dir='ltr'>ad</span> <span class='ocrx_word' id='word_1_217' title='bbox 714 3173 787 3238; x_wconf 89' lang='lat' dir='ltr'>spes</span> <span class='ocrx_word' id='word_1_218' title='bbox 813 3174 913 3219; x_wconf 87' lang='lat' dir='ltr'>novas</span> <span class='ocrx_word' id='word_1_219' title='bbox 939 3153 1098 3219; x_wconf 89' lang='lat' dir='ltr'>transisse.</span> <span class='ocrx_word' id='word_1_220' title='bbox 1137 3172 1223 3217; x_wconf 86' lang='lat' dir='ltr'>vana</span> <span class='ocrx_word' id='word_1_221' title='bbox 1249 3153 1330 3219; x_wconf 92' lang='lat' dir='ltr'>haec</span> 
     </span>
     <span class='ocr_line' id='line_1_30' title="bbox 286 3256 1330 3341; baseline -0.002 -19"><span class='ocrx_word' id='word_1_222' title='bbox 286 3276 374 3322; x_wconf 91' lang='lat' dir='ltr'>more</span> <span class='ocrx_word' id='word_1_223' title='bbox 389 3256 495 3322; x_wconf 87' lang='lat' dir='ltr'>famae</span> <span class='ocrx_word' id='word_1_224' title='bbox 510 3257 705 3322; x_wconf 89' lang='lat' dir='ltr'>credentium</span> <span class='ocrx_word' id='word_1_225' title='bbox 721 3258 785 3322; x_wconf 92' lang='lat' dir='ltr'>otio</span> <span class='ocrx_word' id='word_1_226' title='bbox 800 3258 1013 3341; x_wconf 79' lang='lat' dir='ltr'>augebantur3</span> <span class='ocrx_word' id='word_1_227' title='bbox 1036 3262 1176 3322; x_wconf 88' lang='lat' dir='ltr'>ceterum</span> <span class='ocrx_word' id='word_1_228' title='bbox 1199 3256 1330 3322; x_wconf 89' lang='lat' dir='ltr'>libertus</span> 
     </span>
     <span class='ocr_line' id='line_1_31' title="bbox 286 3360 1329 3445; baseline 0 -21"><span class='ocrx_word' id='word_1_229' title='bbox 286 3360 392 3424; x_wconf 89' lang='lat' dir='ltr'>Plauti</span> <span class='ocrx_word' id='word_1_230' title='bbox 415 3360 576 3425; x_wconf 88' lang='lat' dir='ltr'>celeritate</span> <span class='ocrx_word' id='word_1_231' title='bbox 591 3367 757 3425; x_wconf 90' lang='lat' dir='ltr'>ventorum</span> <span class='ocrx_word' id='word_1_232' title='bbox 779 3360 946 3445; x_wconf 86' lang='lat' dir='ltr'>praevenit</span> <span class='ocrx_word' id='word_1_233' title='bbox 961 3360 1178 3425; x_wconf 89' lang='lat' dir='ltr'>centurionem</span> <span class='ocrx_word' id='word_1_234' title='bbox 1194 3366 1226 3424; x_wconf 90' lang='lat' dir='ltr'>et</span> <span class='ocrx_word' id='word_1_235' title='bbox 1242 3380 1329 3424; x_wconf 86' lang='lat' dir='ltr'>man-</span> 
     </span>
     <span class='ocr_line' id='line_1_32' title="bbox 287 3463 1326 3547; baseline -0.001 -19"><span class='ocrx_word' id='word_1_236' title='bbox 287 3463 363 3528; x_wconf 91' lang='lat' dir='ltr'>data</span> <span class='ocrx_word' id='word_1_237' title='bbox 384 3464 419 3528; x_wconf 88' lang='lat' dir='ltr'>L.</span> <span class='ocrx_word' id='word_1_238' title='bbox 437 3463 564 3527; x_wconf 88' lang='lat' dir='ltr'>Antistii</span> <span class='ocrx_word' id='word_1_239' title='bbox 586 3465 687 3529; x_wconf 89' lang='lat' dir='ltr'>soceri</span> <span class='ocrx_word' id='word_1_240' title='bbox 708 3465 829 3528; x_wconf 90' lang='lat' dir='ltr'>attulit:</span> <span class='ocrx_word' id='word_1_241' title='bbox 853 3463 1006 3546; x_wconf 85' lang='lat' dir='ltr'>effugeret</span> <span class='ocrx_word' id='word_1_242' title='bbox 1029 3483 1160 3547; x_wconf 81' lang='lat' dir='ltr'>segnem</span> <span class='ocrx_word' id='word_1_243' title='bbox 1183 3469 1326 3545; x_wconf 88' lang='lat' dir='ltr'>mortem,</span> 
     </span>
     <span class='ocr_line' id='line_1_33' title="bbox 286 3566 1328 3650; baseline -0.001 -19"><span class='ocrx_word' id='word_1_244' title='bbox 286 3567 363 3631; x_wconf 89' lang='lat' dir='ltr'>dum</span> <span class='ocrx_word' id='word_1_245' title='bbox 385 3566 557 3650; x_wconf 79' lang='lat' dir='ltr'>suffugium</span> <span class='ocrx_word' id='word_1_246' title='bbox 585 3574 682 3634; x_wconf 85' lang='lat' dir='ltr'>esset:</span> <span class='ocrx_word' id='word_1_247' title='bbox 713 3568 822 3650; x_wconf 82' lang='lat' dir='ltr'>magni</span> <span class='ocrx_word' id='word_1_248' title='bbox 843 3567 981 3632; x_wconf 91' lang='lat' dir='ltr'>nominis</span> <span class='ocrx_word' id='word_1_249' title='bbox 1002 3567 1204 3632; x_wconf 90' lang='lat' dir='ltr'>miseratione</span> <span class='ocrx_word' id='word_1_250' title='bbox 1225 3586 1328 3650; x_wconf 91' lang='lat' dir='ltr'>reper-</span> 
     </span>
     <span class='ocr_line' id='line_1_34' title="bbox 286 3669 1327 3753; baseline 0.001 -20"><span class='ocrx_word' id='word_1_251' title='bbox 286 3675 391 3733; x_wconf 90' lang='lat' dir='ltr'>turum</span> <span class='ocrx_word' id='word_1_252' title='bbox 406 3669 515 3753; x_wconf 88' lang='lat' dir='ltr'>bonos,</span> <span class='ocrx_word' id='word_1_253' title='bbox 538 3671 788 3736; x_wconf 88' lang='lat' dir='ltr'>consociaturum</span> <span class='ocrx_word' id='word_1_254' title='bbox 804 3670 956 3735; x_wconf 90' lang='lat' dir='ltr'>audaces:</span> <span class='ocrx_word' id='word_1_255' title='bbox 980 3671 1101 3735; x_wconf 89' lang='lat' dir='ltr'>nullum</span> <span class='ocrx_word' id='word_1_256' title='bbox 1116 3670 1242 3735; x_wconf 88' lang='lat' dir='ltr'>interim</span> <span class='ocrx_word' id='word_1_257' title='bbox 1258 3670 1327 3735; x_wconf 85' lang='lat' dir='ltr'>sub</span> 
     </span>
     <span class='ocr_line' id='line_1_35' title="bbox 286 3772 1327 3858; baseline 0 -21"><span class='ocrx_word' id='word_1_258' title='bbox 286 3772 402 3837; x_wconf 88' lang='lat' dir='ltr'>sidium</span> <span class='ocrx_word' id='word_1_259' title='bbox 424 3773 669 3855; x_wconf 88' lang='lat' dir='ltr'>aspernandum.</span> <span class='ocrx_word' id='word_1_260' title='bbox 703 3775 733 3839; x_wconf 93' lang='lat' dir='ltr'>si</span> <span class='ocrx_word' id='word_1_261' title='bbox 756 3774 923 3857; x_wconf 82' lang='lat' dir='ltr'>sexaginta</span> <span class='ocrx_word' id='word_1_262' title='bbox 944 3774 1062 3839; x_wconf 87' lang='lat' dir='ltr'>milites</span> <span class='ocrx_word' id='word_1_263' title='bbox 1085 3774 1144 3858; x_wconf 85' lang='lat' dir='ltr'>(tot</span> <span class='ocrx_word' id='word_1_264' title='bbox 1166 3773 1252 3838; x_wconf 90' lang='lat' dir='ltr'>enim</span> <span class='ocrx_word' id='word_1_265' title='bbox 1275 3773 1327 3837; x_wconf 91' lang='lat' dir='ltr'>ad·</span> 
     </span>
     <span class='ocr_line' id='line_1_36' title="bbox 286 3875 1326 3961; baseline 0.001 -22"><span class='ocrx_word' id='word_1_266' title='bbox 286 3875 471 3959; x_wconf 80' lang='lat' dir='ltr'>veniebant)</span> <span class='ocrx_word' id='word_1_267' title='bbox 495 3877 693 3961; x_wconf 89' lang='lat' dir='ltr'>propulisset,</span> <span class='ocrx_word' id='word_1_268' title='bbox 717 3876 794 3941; x_wconf 92' lang='lat' dir='ltr'>dum</span> <span class='ocrx_word' id='word_1_269' title='bbox 809 3876 944 3942; x_wconf 87' lang='lat' dir='ltr'>refertur</span> <span class='ocrx_word' id='word_1_270' title='bbox 958 3879 1089 3943; x_wconf 91' lang='lat' dir='ltr'>nuntius</span> <span class='ocrx_word' id='word_1_271' title='bbox 1103 3877 1234 3958; x_wconf 88' lang='lat' dir='ltr'>Neroni,</span> <span class='ocrx_word' id='word_1_272' title='bbox 1251 3877 1326 3941; x_wconf 91' lang='lat' dir='ltr'>dum</span> 
     </span>
    </p>
   </div>
   <div class='ocr_carea' id='block_1_3' title="bbox 0 0 1496 4275">
    <p class='ocr_par' dir='ltr' id='par_1_3' title="bbox 0 0 1496 4275">
     <span class='ocr_line' id='line_1_37' title="bbox 0 0 1496 4275; baseline 0 0"><span class='ocrx_word' id='word_1_273' title='bbox 0 0 1496 4275; x_wconf 95' lang='lat' dir='ltr'> </span> 
     </span>
    </p>
   </div>
  </div>
 </body>
</html>
