2984 4275
478 212 502 248 a.
517 195 548 249 o.
563 210 585 248 ο.
598 199 657 252 a1o.
681 211 708 263 p.
721 193 784 250 cnr.
798 198 839 249 oc.
1119 176 1180 240 159

134 376 261 435 euntes.
305 369 353 433 ira
378 369 434 432 illa
461 369 627 433 numinum
654 369 688 431 in
715 388 765 433 res
799 370 958 434 Romanas
984 369 1053 450 fuit,
1085 387 1180 449 quam

137 495 212 555 non,
241 479 276 538 ut
297 474 331 537 in
354 473 499 537 cladibus
526 473 722 537 exercituum
750 479 806 536 aut
834 473 1017 556 captivitate
1045 472 1179 552 urbium,

137 578 238 642 semel
261 578 346 642 edito
369 577 503 641 transire
525 577 608 641 licet.
644 576 735 640 detur
758 576 818 641 hoc
840 577 1019 641 inlustrium
1042 577 1180 641 virorum

135 682 328 767 posteritati,
351 687 396 765 ut,
420 700 480 762 quo
503 681 597 746 modo
618 681 777 763 exsequiis
800 702 820 745 a
842 682 998 764 promisca
1021 682 1181 763 sepultura

136 791 336 870 separantur,
368 786 412 848 ita
439 785 473 848 in
501 785 669 849 traditione
696 805 914 868 supremorum
944 785 1102 868 accipiant
1129 784 1181 847 ha-

140 892 302 971 beantque
325 890 483 973 propriam
506 888 700 954 memoriam.

249 994 298 1058 17.
333 995 454 1058 Paucos
481 993 599 1075 qnippe
626 994 710 1056 intra
737 993 807 1057 dies
834 994 945 1057 eodem
968 993 1097 1075 agmine
1120 992 1182 1056 An·
1215 1005 1348 1057 corsuna

140 1119 241 1163 naeus
264 1097 358 1181 Mela,
381 1096 511 1162 Cerialis
522 1096 663 1178 Anicius,
687 1096 816 1161 Rufrius
831 1096 992 1180 Crispinus
1014 1116 1052 1160 ac
1073 1097 1110 1160 T.
1126 1090 1182 1160 Pel
1218 1074 1341 1195 wazu,

138 1203 262 1267 tronius
286 1200 435 1281 cecidere,
458 1200 543 1264 Mela
558 1207 589 1264 et
604 1199 764 1283 Crispinus
787 1201 908 1282 equites
924 1201 1059 1264 Romani
1081 1200 1181 1282 digni·
1247 1213 1309 1257 aaa

140 1315 207 1371 tate
230 1306 396 1370 senatoria.
424 1325 500 1368 nam
522 1304 574 1369 hic
597 1306 759 1385 quondam
781 1304 959 1389 praefectus
980 1305 1130 1388 praetorii
1152 1310 1184 1368 et
1200 1281 1358 1328 'mmm‘

140 1409 361 1475 consularibus
383 1409 562 1490 insignibus
584 1408 721 1473 donatus
743 1428 782 1472 ac
804 1429 905 1492 nuper
926 1410 1057 1473 crimine
1080 1408 1183 1473 coniu-

142 1514 274 1579 rationis
309 1513 343 1576 in
381 1512 561 1577 Sardiniam
599 1519 737 1594 exactus,
777 1519 906 1596 accepto
939 1513 1045 1578 iussae
1077 1513 1185 1577 mortis

142 1617 265 1701 nuntio,
289 1623 391 1680 semet
414 1615 579 1681 interfecit.
619 1617 713 1699 Mela,
744 1618 859 1697 quibus
883 1616 985 1682 Gallio
1009 1625 1040 1681 et
1063 1617 1185 1682 Seneca

143 1721 330 1806 parentibus
345 1727 449 1804 natus,
473 1720 624 1803 petitione
640 1721 793 1785 honorum
809 1721 1006 1786 abstinuerat
1028 1743 1085 1806 per
1099 1722 1185 1785 amb-

146 1827 275 1891 itionem
294 1831 543 1908 praeposteram,
564 1832 598 1888 ut
614 1845 710 1906 eques
726 1826 887 1889 Romanus
902 1827 1118 1891 consularibus
1133 1845 1185 1908 po-

145 1931 246 1994 tentia
275 1935 478 2014 aequaretur;
511 1930 604 1993 simul
637 1929 853 2010 adquirendae
879 1931 1034 2013 pecuniae
1059 1931 1185 1995 brevius

147 2034 206 2098 iter
228 2032 379 2097 credebat
405 2053 462 2116 per
484 2033 729 2116 procurationes,
754 2032 1012 2098 administrandis
1035 2034 1185 2116 principis

145 2136 291 2220 negotiis.
315 2134 400 2200 idem
423 2137 592 2201 Annaeum
615 2137 779 2201 Lucanum
800 2144 964 2219 genuerat,
988 2137 1109 2219 grande
1132 2137 1184 2202 ad-

145 2244 321 2306 iumentum
337 2241 541 2306 claritudinis.
565 2261 627 2323 quo
641 2240 808 2306 interfecto
824 2241 899 2305 dum
915 2262 981 2305 rem
997 2241 1185 2306 familiarem

145 2346 212 2410 eius
239 2346 355 2410 acriter
380 2346 519 2429 requirit,
550 2355 768 2410 accusatorem
800 2347 936 2411 concivit
965 2346 1101 2410 Fabium
1128 2348 1186 2410 Ro-

109 2483 111 2487 *
146 2469 286 2530 manum,
318 2470 359 2513 ex
385 2449 505 2513 intimis
533 2451 654 2514 Lucani
678 2451 798 2516 amicis.
836 2450 938 2514 mixta
960 2450 1041 2514 inter
1062 2458 1186 2534 patrem

146 2553 308 2634 filiumque
324 2554 549 2618 coniurationis
564 2554 698 2619 scientia
711 2554 851 2639 fingitur,
863 2554 1051 2619 adsimilatis
1065 2557 1187 2619 Lucani

146 2658 277 2723 litteris:
301 2678 381 2739 quas
402 2659 563 2742 inspectas
586 2659 670 2724 Nero
693 2660 768 2723 ferri
790 2660 833 2723 ad
856 2680 929 2724 enm
950 2660 1051 2740 iussit,
1075 2660 1188 2743 opibus

146 2761 215 2827 eius
237 2762 374 2826 inhians.
398 2768 431 2825 at
447 2762 540 2845 Mela,
564 2783 646 2844 qnae
661 2769 728 2828 tum
752 2765 987 2848 promptissima
1002 2765 1109 2829 mortis
1124 2765 1187 2847 via,

146 2866 284 2931 exsolvit
308 2885 415 2946 venas,
447 2866 571 2950 scriptis
594 2867 758 2950 codicillis,
782 2868 896 2949 quibus
919 2868 1073 2950 grandem
1096 2888 1188 2952 pecu-

147 2970 234 3034 niam
255 2969 289 3032 in
312 2969 502 3051 Tigellinum
529 2990 744 3053 generumque
768 2971 836 3036 eius
858 2971 1077 3036 Cossutianum
1100 2973 1190 3056 Capi·

146 3079 254 3138 tonem
277 3073 439 3155 erogabat,
463 3094 524 3155 qno
548 3081 654 3138 cetera
677 3081 851 3139 manerent.
890 3075 1016 3140 additur
1038 3078 1190 3144 codicillis

147 3183 311 3258 tamquam
338 3176 378 3241 de
405 3178 572 3259 iniquitate
601 3179 688 3242 exitii
716 3199 851 3261 querens
880 3180 925 3243 ita
955 3181 1125 3265 scripsisse,
1156 3202 1190 3246 se

147 3281 277 3362 quidem
301 3282 379 3345 mori
402 3281 496 3346 nullis
520 3283 668 3365 supplicii
690 3283 803 3366 causis,
832 3283 977 3347 Rufrium
999 3291 1107 3348 autem
1128 3284 1190 3349 Cri-

148 3385 274 3469 spinum
303 3391 334 3448 et
357 3385 499 3449 Anitium
526 3386 682 3451 Cerialem
705 3387 771 3450 vita
799 3387 860 3451 frui
883 3387 1024 3451 infensos
1046 3388 1188 3471 principi.

148 3509 230 3571 quae
253 3488 426 3571 composita
449 3491 661 3556 credebantur
676 3491 716 3556 de
732 3491 886 3574 Crispino,
911 3491 985 3572 quia
1006 3491 1191 3555 interfectus

149 3600 225 3677 erat,
259 3592 298 3656 de
328 3592 459 3677 Ceriale,
493 3602 527 3659 ut
558 3595 798 3661 interficeretur.
845 3615 948 3676 neque
979 3595 1064 3659 enim
1093 3596 1191 3658 multo

148 3705 219 3782 post
249 3697 314 3762 vim
342 3698 402 3762 sibi
429 3699 543 3780 attulit,
575 3700 696 3764 minore
724 3719 821 3781 quam
854 3699 950 3763 ceteri
980 3698 1189 3779 miseratione,

149 3802 223 3882 quia
250 3802 408 3885 proditam
431 3804 511 3868 Gaio
538 3803 667 3868 Caesari
689 3802 937 3868 coniurationem
960 3804 1001 3867 ab
1026 3823 1063 3868 eo
1086 3801 1191 3865 memi-

150 3912 271 3970 nerant.
