2984 4275
323 194 384 261 138
552 212 601 266 Ab
621 227 737 267 excessu
755 211 788 267 D.
801 212 927 283 Augusti
944 213 1000 269 XV
1018 216 1129 270 50-52.

181 401 273 448 norm
424 386 477 452 50.
515 388 600 471 Ergo
626 386 703 451 dum
729 387 849 453 scelera
874 387 1034 472 principis,
1065 395 1097 452 et
1124 387 1221 453 finem
1247 388 1360 454 adesse

178 472 272 596 ,m
321 490 452 575 imperio
467 491 742 577 deligendumque,
766 491 820 573 qui
833 491 926 556 fessis
940 493 1035 558 rebus
1049 499 1255 577 succurreret,
1277 492 1361 558 inter

145 611 199 665 uno
219 609 303 665 aeros
321 614 356 660 se
377 602 433 660 aut
458 596 540 660 iuter
560 595 680 661 amicos
705 595 835 679 iaciunt,
867 596 1085 679 adgregavere
1112 595 1279 661 Claudium
1308 596 1360 662 Se·

172 679 276 795 ,m
320 701 499 785 necionem,
536 699 719 766 Cervarium
752 700 934 782 Proculum,
973 700 1152 765 Vulcatium
1185 700 1359 786 Araricum,

319 804 435 869 Iulium
456 804 669 888 Augurinum,
698 805 878 870 Munatium
900 803 1046 888 Gratum,
1070 804 1244 869 Antonium
1265 805 1360 870 Nata·

318 907 392 992 lem,
416 907 567 973 Marcium
591 909 731 994 Festum,
755 908 877 992 equites
898 908 1067 974 Romanos.
1106 908 1285 989 exquibus
1307 908 1360 974 Se-

319 1013 418 1097 necio,
442 1032 460 1077 e
474 1013 645 1097 praecipua
659 1012 873 1077 familiaritate
887 1013 1033 1096 Neronia,
1049 1013 1187 1096 speciem
1202 1012 1362 1077 amicitiae

320 1116 416 1183 etiam
441 1125 510 1182 tum
535 1116 675 1181 retinens
704 1136 741 1182 eo
764 1115 907 1201 pluribus
935 1116 1083 1201 periculis
1106 1115 1360 1183 conflictabatur:

318 1220 444 1286 Natalis
465 1221 624 1305 particeps
653 1220 696 1285 ad
717 1241 812 1287 omne
835 1227 991 1286 secretum
1012 1220 1120 1285 Pisoni
1142 1225 1220 1304 erat,
1250 1222 1363 1286 ceteris

319 1344 390 1408 spes
418 1345 458 1389 ex
484 1324 576 1390 novis
602 1324 697 1390 rebus
718 1326 895 1410 petebatur.
930 1325 1071 1390 adscitae
1093 1332 1167 1389 sunt
1189 1344 1286 1408 super
1306 1324 1363 1390 Su-

319 1428 423 1493 brium
451 1435 483 1495 et
508 1428 687 1513 Sulpitium,
719 1429 760 1494 de
788 1430 902 1512 quibus
924 1430 1040 1514 rettuli,
1066 1429 1216 1494 militares
1239 1449 1361 1512 mamm,

319 1530 440 1598 Gavius
466 1532 613 1598 Silvanus
641 1539 674 1598 et
695 1532 815 1599 Statius
840 1534 1017 1599 Proxumus
1047 1532 1165 1597 tribuni
1187 1532 1363 1598 cohortium

319 1636 558 1720 praetoriarum,
588 1635 745 1702 Maximus
772 1636 910 1702 Scaurus
932 1644 964 1701 et
986 1638 1128 1702 Venetus
1149 1635 1269 1702 Paulus
1292 1655 1364 1701 ceu-

319 1740 469 1806 turiones.
507 1740 565 1805 sed
586 1762 746 1807 summum
773 1743 869 1807 robur
890 1741 924 1806 in
947 1742 1067 1806 Faenio
1088 1740 1172 1805 Rufo
1199 1740 1364 1825 praefecto

320 1844 498 1929 videbatur,
530 1865 623 1928 quem
646 1846 714 1911 vita
740 1845 892 1928 famaque
920 1844 1083 1910 laudatum
1114 1864 1172 1927 per
1197 1844 1364 1909 saevitiam

320 1948 602 2033 inpudicitiamque
631 1949 806 2033 Tigellinus
837 1949 871 2013 in
901 1950 1008 2013 auimo
1037 1947 1187 2032 principis
1219 1948 1363 2013 anteibat

321 2052 541 2137 fatigabatque
571 2053 844 2119 criminationibus
874 2072 912 2118 ac
939 2072 1034 2139 saepe
1060 2052 1094 2116 in
1121 2059 1243 2117 metum
1265 2051 1364 2117 addu-

321 2166 411 2223 xerat
438 2159 528 2242 quasi
553 2158 729 2223 adulterum
754 2158 951 2243 Agrippinae
980 2165 1012 2222 et
1038 2157 1195 2222 desiderio
1224 2157 1292 2222 eius
1314 2158 1364 2222 ul·

320 2263 400 2329 tioni
421 2264 586 2328 intentum.
625 2263 722 2346 igitur
743 2263 799 2329 ubi
821 2263 991 2328 coniuratis
1018 2262 1213 2347 praefectum
1236 2280 1363 2342 quoque

320 2366 469 2451 praetorii
497 2367 532 2432 in
565 2373 671 2451 partes
705 2366 911 2432 descendisse
944 2368 1053 2432 erebro
1086 2365 1185 2450 ipsius
1217 2384 1364 2431 sermone

321 2471 407 2536 facta
435 2471 524 2553 fides,
554 2471 728 2555 promptius
754 2471 821 2535 iam
851 2469 892 2535 de
919 2478 1062 2555 tempore
1092 2489 1131 2535 ac
1156 2469 1225 2534 loco
1257 2468 1365 2534 caedis

322 2576 496 2659 agitabant.
531 2582 563 2640 et
585 2575 708 2659 cepisse
729 2576 884 2658 impetum
907 2573 1040 2639 Subrius
1063 2575 1181 2638 Flavus
1203 2572 1365 2638 ferebatur

322 2679 355 2744 in
378 2698 494 2744 scaena
520 2685 686 2743 canentem
707 2679 870 2744 Neronem
892 2676 1109 2761 adgrediendi,
1141 2684 1196 2741 aut
1223 2696 1297 2742 cum
1319 2697 1365 2741 ar-

323 2782 418 2848 dente
440 2783 534 2848 domo
561 2802 618 2867 per
639 2788 764 2849 noctem
791 2782 854 2848 huc
882 2783 956 2847 illuc
984 2788 1124 2848 cursaret
1145 2780 1364 2847 incustoditus.
1470 2783 1472 2842 J

322 2887 375 2953 hic
401 2887 523 2952 occasio
547 2885 734 2969 solitudinis,
764 2885 811 2950 ibi
837 2888 908 2971 ipsa
934 2885 1113 2967 frequentia
1140 2886 1222 2949 tanti
1243 2884 1366 2952 decoris
1469 2903 1470 2932 l

323 2991 410 3055 testis
431 2990 643 3075 pulcherrima
663 2990 806 3055 animum
833 2990 1127 3071 exstimulaverant,
1157 2988 1220 3053 nisi
1240 2990 1365 3072 inpuni·
1468 2995 1469 2998 ’

323 3095 397 3160 tatis
416 3093 530 3179 cupido
543 3093 731 3177 retinuisset,
757 3094 882 3178 magnis
897 3114 1022 3177 semper
1037 3092 1202 3158 conatibus
1217 3092 1362 3158 adversa.

174 3208 284 3263 miquo
427 3198 480 3263 bl.
503 3198 636 3264 Interim
659 3200 879 3265 cunctantibus
898 3198 1191 3282 prolatantibusque
1213 3216 1305 3281 spem
1327 3216 1365 3262 ac

172 3280 288 3403 ,QZ
324 3309 444 3368 metum
465 3301 630 3386 Epicharis
652 3302 820 3385 quaedam,
851 3301 1006 3367 incertum
1030 3321 1168 3383 quonam
1192 3300 1286 3366 modo
1309 3300 1364 3366 sci·

151 3419 309 3473 missurum
324 3408 437 3473 scitata
459 3406 576 3492 (neque
597 3407 644 3472 illi
665 3415 741 3473 ante
763 3407 828 3470 ulla
850 3426 955 3471 rerum
977 3404 1180 3472 honestarum
1202 3425 1278 3471 cura
1299 3405 1363 3470 fue·

152 3488 310 3611 ,ffffifm
324 3511 399 3596 rat),
423 3510 597 3576 accendere
619 3518 651 3575 et
665 3530 802 3594 mguere
820 3509 1005 3593 coniuratos,
1029 3530 1067 3576 ac
1082 3516 1277 3594 postremum
1300 3509 1364 3574 len·

176 3629 281 3673 senoco
324 3613 468 3680 titudinis
487 3634 596 3680 corum
615 3621 761 3699 pertaesa
783 3621 815 3679 et
837 3614 870 3678 in
893 3614 1068 3698 Campania
1090 3633 1190 3696 agens
1211 3613 1363 3698 primores

325 3719 554 3784 classiariorum
580 3718 804 3784 Misenensium
833 3717 1012 3784 labefacere
1044 3723 1076 3782 et
1102 3716 1294 3783 conscientia
1320 3717 1362 3781 in·

324 3822 424 3905 ligare
446 3823 553 3888 conisa
575 3829 623 3886 est
645 3823 703 3887 tali
723 3822 822 3887 initio.
853 3829 921 3887 erat
943 3821 1123 3887 nauarchus
1144 3822 1178 3886 in
1201 3840 1240 3886 ea
1261 3820 1361 3885 classe

325 3924 472 3989 Volusius
495 3926 653 4007 Proculus,
683 3925 876 3991 occidendae
898 3927 1005 3991 matris
1027 3926 1147 3990 Neroni
1168 3925 1252 3990 inter
1275 3922 1361 3988 mini·
