2984 4275
306 161 367 227 108
527 178 576 233 Ab
596 193 713 233 excessu
730 178 765 232 D.
777 179 905 249 Augusti
923 179 994 234 XIV
1012 181 1123 236 53-57.

303 351 486 435 ingentibus
513 352 640 435 meritis,
669 353 811 435 praemia
837 360 1035 437 acceperant,
1074 373 1134 436 ego
1157 352 1234 434 quid
1256 353 1346 418 aliud

304 455 537 521 munificentiae
567 463 641 521 tuae
669 455 824 521 adbibere
852 457 941 540 potui
968 476 1064 538 quam
1091 456 1206 538 studia,
1237 465 1273 521 ut
1299 457 1345 521 sic

304 559 448 644 dixerim,
478 561 511 624 in
542 559 655 624 umbra
684 559 830 639 educata,
861 566 893 626 et
921 560 1035 642 quibus
1065 561 1220 626 claritudo
1246 561 1345 642 venit,

303 663 388 744 quod
414 665 564 729 iuventae
590 670 665 728 tuae
692 663 879 729 rudimentis
905 663 1046 729 adfuisse
1072 663 1190 747 videor,
1223 663 1346 747 grande

303 766 397 831 buius
419 767 465 832 rei
487 768 633 850 pretium.
661 774 695 831 at
716 774 752 832 tu
774 767 911 849 gratiam
933 768 1120 851 inmensam,
1143 768 1346 833 innumeram

302 871 471 955 pecuniam
504 871 747 953 circumdedisti,
782 871 863 937 adeo
894 878 929 935 ut
963 872 1147 954 plerumque
1179 871 1264 936 intra
1294 891 1347 936 me

302 975 370 1058 ipse
385 975 525 1041 volvam:
549 995 660 1058 egone,
677 975 815 1056 equestri
831 982 864 1040 et
881 975 1066 1059 provinciali
1081 976 1149 1040 loco
1165 982 1261 1059 ortus,
1277 996 1347 1060 pro-

303 1079 427 1144 ceribus
449 1079 585 1143 civitatis
606 1079 820 1143 adnumeror?
865 1079 948 1144 inter
969 1078 1091 1144 nobiles
1122 1085 1153 1143 et
1175 1079 1272 1161 longa
1294 1078 1347 1144 de·

303 1202 377 1247 cora
402 1182 617 1266 praeferentes
644 1182 769 1248 novitas
796 1202 868 1248 mea
891 1182 1023 1247 enituit?
1069 1182 1124 1248 ubi
1151 1190 1199 1247 est
1221 1182 1347 1248 animus

303 1285 356 1349 ille
377 1285 510 1350 modicis
533 1285 723 1351 contentus?
751 1287 825 1350 talis
847 1285 955 1350 hortos
977 1286 1109 1351 exstruit
1133 1293 1164 1350 et
1185 1306 1244 1370 per
1266 1285 1347 1352 haec

303 1389 485 1454 suburbana
506 1389 625 1454 incedit
641 1395 673 1454 et
687 1390 786 1454 tantis
800 1409 948 1472 agrorum
970 1390 1089 1474 spatiis,
1112 1397 1180 1453 tam
1202 1389 1267 1454 lato
1282 1390 1348 1454 fae-

303 1512 380 1557 nore
396 1493 569 1558 exuberat?
592 1513 657 1558 una
671 1492 814 1558 defensio
830 1493 972 1577 occurrit,
986 1493 1071 1575 quod
1086 1493 1271 1559 muneribus
1285 1494 1348 1559 tuis

304 1595 404 1660 obniti
426 1615 489 1660 non
512 1596 618 1662 debui.

161 1713 261 1765 return
407 1698 459 1763 54.
484 1698 548 1764 Sed
567 1706 700 1782 uterque
715 1720 895 1765 mensuram
909 1701 1110 1784 implevimus,
1134 1707 1166 1765 et
1180 1707 1225 1783 tu,
1249 1720 1349 1781 quan·

161 1782 257 1904 ,Q
305 1809 374 1867 tum
402 1803 548 1887 princeps
578 1804 716 1869 tribuere
746 1805 849 1869 amico
880 1811 995 1887 posset,
1026 1812 1058 1869 et
1090 1824 1159 1888 ego,
1191 1810 1349 1885 quantum

148 1920 193 1965 cns
206 1920 271 1965 acc
305 1906 424 1971 amicus
439 1927 459 1971 a
473 1906 615 1991 principe
630 1908 789 1991 accipere:
813 1914 920 1973 cetera
942 1908 1096 1973 invidiam
1111 1914 1240 1990 augent.
1265 1926 1349 1988 quac

157 1988 263 2113 llllffi‘
305 2010 443 2094 quidem,
475 2017 509 2074 ut
540 2011 647 2075 omnia
677 2011 831 2093 mortalia,
862 2011 945 2076 infra
975 2020 1064 2076 tuam
1094 2010 1349 2094 magnitudinem

145 2127 276 2183 scarrcc
304 2115 396 2198 iacet,
424 2113 482 2181 sed
510 2114 587 2179 mibi
613 2115 777 2200 incumbit,
806 2113 883 2180 mihi
910 2114 1164 2180 subveniendum
1191 2120 1247 2181 est.
1287 2134 1349 2197 quo

191 2209 227 2245 Μ’·
306 2220 398 2285 modo
420 2219 454 2283 in
476 2219 588 2285 militia
614 2226 670 2283 aut
690 2221 745 2285 via
766 2220 868 2285 fessus
889 2219 1117 2284 adminiculum
1139 2240 1273 2303 orarem,
1300 2220 1347 2284 ita

304 2325 337 2388 in
360 2323 419 2388 hoo
441 2323 553 2388 itinere
576 2324 659 2387 vitae
682 2342 782 2388 senex
805 2330 837 2388 et
859 2322 1025 2389 levissimis
1048 2342 1173 2405 quoque
1195 2324 1278 2388 curis
1300 2323 1346 2387 in-

304 2447 370 2512 par,
398 2446 470 2491 cum
500 2446 577 2510 opes
604 2446 693 2491 meas
720 2428 804 2491 ultra
829 2427 983 2492 sustinere
1009 2447 1073 2491 non
1101 2427 1229 2511 possim,
1257 2446 1347 2511 prae·

304 2532 420 2596 sidium
434 2537 517 2614 peto.
542 2530 699 2596 iuberem
717 2550 776 2613 per
789 2536 1007 2614 procuratores
1030 2537 1100 2595 tuos
1122 2530 1346 2614 administrari,

303 2634 336 2699 in
359 2639 448 2698 tuam
475 2634 635 2698 fortunam
662 2634 768 2716 recipi.
807 2653 866 2699 nec
888 2653 939 2697 me
966 2633 1000 2697 in
1028 2640 1250 2717 paupertatem
1277 2634 1347 2718 ipse

304 2737 481 2818 detrudam,
505 2736 563 2803 sed
585 2737 709 2803 traditis
724 2757 858 2819 quorum
872 2736 995 2820 fulgore
1014 2737 1237 2822 praestringor,
1262 2738 1347 2819 quod

304 2841 453 2926 temporis
475 2841 635 2906 hortorum
658 2848 713 2906 aut
737 2841 883 2905 villarum
906 2860 1000 2906 curae
1022 2841 1193 2926 seponitur,
1225 2842 1259 2906 in
1282 2841 1347 2906 ani-

304 2964 392 3010 mum
413 2945 576 3010 revocabo.
602 2951 747 3029 superest
762 2945 820 3010 tibi
836 2945 933 3010 robur
947 2951 979 3009 et
994 2951 1041 3010 tot
1056 2964 1114 3027 per
1127 2964 1228 3010 annos
1243 2946 1347 3010 visum

303 3049 419 3113 summi
433 3048 552 3131 fastigii
574 3049 730 3131 regimen:
754 3068 920 3132 possumus
943 3049 1082 3113 seniores
1097 3048 1192 3113 amici
1206 3048 1347 3129 quietem

302 3171 476 3236 reposcere.
515 3152 574 3216 hcc
603 3171 727 3234 quoque
753 3152 788 3216 in
814 3158 905 3216 tuam
932 3152 1065 3234 gloriam
1093 3152 1195 3235 cedet,
1224 3171 1278 3217 eos
1304 3152 1347 3216 ad

303 3274 428 3320 summa
448 3256 584 3338 vexisse,
608 3256 664 3336 qui
686 3261 718 3320 et
741 3255 865 3321 modica
887 3251 1080 3320 tolerarent.³

181 3376 238 3421 arco
407 3358 460 3424 55.
488 3358 540 3423 Ad
561 3379 643 3440 quae
665 3359 752 3425 Nero
774 3360 820 3424 sio
842 3358 943 3424 ferme
964 3358 1142 3442 respondit:
1166 3352 1263 3440 ‘quod
1284 3379 1346 3424 me·

148 3443 271 3558 ”mm
303 3462 421 3528 ditatae
450 3463 583 3527 orationi
616 3470 691 3530 tuae
721 3463 830 3528 statim
860 3483 1038 3544 occurram,
1076 3463 1110 3527 id
1136 3463 1272 3547 primum
1300 3463 1345 3528 tui

129 3581 286 3633 attactum
304 3567 443 3632 muneris
465 3566 578 3648 habeo,
602 3567 656 3647 qui
679 3586 810 3632 menon
833 3572 959 3631 tantum
982 3567 1137 3651 praevisa,
1161 3565 1218 3631 sed
1241 3567 1346 3631 subita

141 3649 286 3697 mmm
304 3669 454 3755 expedire
484 3669 625 3744 docuisti.
663 3672 786 3736 abavus
816 3690 906 3735 meus
931 3671 1094 3752 Augustus
1121 3670 1285 3754 Agrippae
1314 3677 1346 3735 et

302 3772 481 3837 Maecenati
503 3792 654 3856 usurpare
675 3774 775 3839 otium
796 3779 869 3857 post
891 3774 1016 3839 labores
1038 3773 1201 3853 concessit,
1234 3774 1346 3839 sedin

304 3895 343 3939 ea
368 3875 436 3959 ipse
463 3882 576 3960 aetate,
605 3878 692 3941 cuius
717 3876 888 3942 auctoritas
911 3882 1059 3959 tueretur,
1089 3876 1245 3959 quidquid
1268 3876 1346 3942 illud
