2984 4275
307 162 350 225 60
531 177 581 230 Ab
600 191 716 230 excessu
735 175 769 228 D.
783 174 909 244 Augusti
927 174 999 228 XIII
1019 176 1129 230 18-21.

307 352 529 417 necessitatem
552 349 729 416 adhibitam
746 349 920 414 credebant
934 369 954 412 a
970 347 1121 431 principe,
1145 346 1273 412 sceleris
1289 345 1350 411 sibi

307 457 432 522 conscio
455 461 487 521 11
502 448 630 521 veniam
653 460 811 538 sperante,
835 452 862 516 si
877 451 1097 535 largitionibus
1119 449 1350 515 validissimum

307 580 463 643 quemque
486 558 714 624 obstrinxisset.
753 564 788 621 at
809 556 921 621 matris
946 556 996 620 ira
1017 556 1104 619 nulla
1132 553 1350 619 munificentia

307 664 409 742 leniri,
432 664 490 729 sed
512 662 662 746 amplecti
677 660 855 743 Octaviam,
879 661 990 725 erebra
1006 680 1078 724 cum
1093 658 1205 724 amicis
1228 664 1351 723 secreta

306 770 435 853 habere,
452 788 548 853 super
561 767 739 849 ingenitam
755 765 925 830 avaritiam
940 764 1080 845 undique
1096 762 1247 847 pecunias
1258 762 1350 844 quasi

305 874 339 937 in
363 872 540 938 subsidium
563 871 746 954 corripiens,
775 870 919 935 tribunos
942 877 974 933 et
996 867 1195 933 centuriones
1218 867 1350 930 comiter

306 977 463 1060 excipere,
495 976 625 1040 nomina
653 981 685 1039 11
712 974 845 1039 virtutes
875 973 1038 1053 nobilium,
1070 971 1125 1053 qui
1154 971 1251 1035 etiam
1281 977 1349 1035 tum

305 1087 499 1164 supererant,
521 1079 556 1143 in
580 1079 697 1144 honore
719 1078 848 1158 habere,
878 1077 969 1158 quasi
991 1082 1157 1158 quaereret
1180 1074 1295 1140 ducem
1318 1082 1349 1140 11

305 1192 420 1268 partes.
452 1183 614 1266 cognitum
636 1182 671 1246 id
693 1182 822 1265 Neroni,
846 1180 1059 1262 excubiasque
1083 1179 1244 1260 militares,
1268 1198 1349 1260 quae

306 1296 340 1352 ut
362 1287 490 1370 coniugi
516 1285 714 1370 imperatoris
737 1286 822 1364 olim,
851 1292 918 1350 tum
948 1293 982 1349 ut
1010 1285 1104 1349 matri
1131 1285 1348 1365 servabantur,

306 1399 337 1456 et
353 1391 529 1456 Germanos
551 1410 653 1474 nuper
668 1390 804 1454 cundem
828 1390 1029 1455 inhonorem
1053 1388 1199 1454 custodes
1222 1387 1348 1452 additos

305 1494 437 1578 degredi
463 1494 560 1559 iubet.
599 1513 637 1557 ac
664 1514 706 1557 ne
736 1501 828 1557 coetu
855 1493 1059 1557 salutantium
1086 1492 1347 1573 frequentaretur,

305 1603 431 1683 separat
454 1599 583 1662 domum
611 1605 809 1679 matremque
836 1597 986 1682 transfert
1012 1597 1045 1661 in
1068 1616 1149 1679 eam,
1181 1609 1263 1677 quae
1286 1596 1348 1658 An-

304 1702 410 1766 toniae
433 1701 547 1782 fuerat,
571 1701 717 1782 quotiens
731 1701 800 1786 ipse
815 1701 890 1766 illuc
905 1701 1085 1782 ventitaret,
1110 1708 1240 1784 saeptus
1255 1700 1347 1764 turba

304 1805 523 1871 centurionum
546 1812 577 1869 et
600 1812 671 1889 post
691 1806 790 1870 breve
813 1806 954 1891 osculum
977 1805 1167 1887 digrediens.

156 1927 264 1973 11111
412 1910 461 1974 19.
484 1909 573 1973 Nihil
595 1930 699 1974 rerum
716 1909 898 1975 mortalium
919 1917 986 1975 tam
1008 1908 1158 1973 instabile
1173 1927 1212 1972 11
1226 1906 1346 1971 fluxum

130 1997 287 2120 „tufflm
305 2021 353 2079 111
376 2034 472 2096 quam
494 2013 582 2077 fama
608 2014 771 2097 potentiae
798 2034 861 2079 111
890 2034 948 2078 111
969 2013 1003 2077 vi
1024 2013 1130 2077 nixae.
1170 2012 1280 2077 statim
1302 2031 1347 2075 re·

148 2136 272 2189 111111
304 2119 413 2185 lictum
428 2119 623 2204 Agrippinae
637 2119 750 2184 limen:
774 2140 867 2184 nemo
884 2119 987 2203 solari,
1009 2139 1102 2184 nemo
1118 2117 1207 2183 adire
1222 2122 1346 2200 praeter
1392 2151 1395 2156 -

148 2206 268 2328 ,3¹32
304 2244 422 2307 paucas
445 2224 591 2307 feminas,
615 2244 787 2293 amorean
811 2224 883 2288 odio
905 2224 1050 2288 incertas.
1080 2222 1257 2304 exquibus
1280 2226 1347 2285 erat

303 2327 397 2391 Iunia
419 2326 537 2410 Silana,
567 2347 662 2408 quam
691 2328 894 2392 matrimonio
916 2328 950 2393 O.
974 2327 1032 2392 Sili
1058 2348 1079 2390 a
1100 2326 1272 2392 Messalina
1295 2325 1346 2389 de-

304 2433 427 2515 pulsam
451 2451 546 2514 supra
572 2432 686 2514 rettuli,
714 2431 850 2514 insignis
878 2452 995 2514 genere
1023 2431 1125 2496 forma
1147 2430 1287 2511 lascivia,
1316 2433 1347 2494 et

303 2534 498 2619 Agrippinae
522 2534 577 2599 diu
599 2556 739 2620 percara,
769 2556 844 2600 mox
866 2536 998 2600 occultis
1023 2536 1105 2600 inter
1127 2555 1181 2600 eas
1203 2532 1346 2599 offensio-

303 2638 406 2718 nibus,
424 2638 499 2718 quia
514 2637 659 2703 Sextium
672 2639 858 2704 Africanum
873 2640 1012 2704 nobilem
1027 2639 1177 2705 iuvenem
1193 2660 1211 2702 a
1226 2637 1346 2721 nuptIis

304 2741 432 2806 Silanae
459 2741 657 2807 deterruerat
678 2743 867 2826 Agrippina,
895 2744 1079 2828 inpudicam
1107 2750 1139 2807 et
1161 2748 1345 2825 vergentem

303 2845 396 2909 annis
420 2845 578 2929 dictitans,
603 2867 666 2912 111
686 2854 721 2912 11
735 2847 922 2913 Africanum
944 2847 1006 2913 sibi
1028 2853 1202 2930 seponeret,
1226 2846 1283 2910 sed
1305 2865 1346 2909 ne

303 2949 416 3032 opibus
445 2956 478 3014 11
507 2950 643 3015 orbitate
673 2951 803 3017 Silanae
837 2953 968 3017 maritus
999 2957 1167 3036 poteretur.
1204 2950 1260 3015 illa
1291 2969 1346 3033 spe

303 3053 430 3118 ultionis
446 3055 554 3119 oblata
576 3062 667 3139 parat
682 3064 880 3122 accusatores
895 3077 936 3121 ex
952 3056 1118 3121 clientibus
1134 3056 1198 3120 suis
1212 3054 1345 3119 Iturium

303 3164 336 3222 et
350 3157 531 3239 Calvisium,
555 3179 618 3224 non
634 3167 744 3225 vetera
767 3168 799 3225 et
818 3161 944 3245 saepius
966 3160 1031 3225 iam
1054 3159 1164 3224 audita
1187 3158 1343 3238 deferens,

303 3261 388 3342 quod
417 3262 594 3327 Britannici
624 3271 757 3329 mortem
790 3267 913 3347 lugeret
943 3271 998 3330 aut
1028 3263 1181 3330 Octaviae
1214 3262 1345 3326 iniurias

303 3366 476 3450 evulgaret,
500 3367 555 3431 sed
579 3368 789 3434 destinavisse
812 3390 884 3433 eam
905 3368 1086 3434 Rubellium
1108 3368 1265 3449 Plautum,
1290 3385 1346 3449 per

303 3477 481 3535 maternam
504 3471 659 3554 originem
682 3473 752 3556 pari
774 3493 812 3537 ac
834 3474 920 3538 Nero
943 3473 1044 3556 gradu
1068 3472 1176 3537 adivo
1192 3471 1343 3552 Augusto,

302 3573 344 3637 ad
368 3594 417 3639 111
439 3595 539 3640 11111
562 3577 713 3640 extollere
736 3577 945 3658 coniugioque
974 3576 1041 3642 eius
1069 3584 1100 3641 11
1122 3575 1255 3658 imperio
1277 3594 1345 3637 rem

302 3678 464 3761 publicam
487 3699 591 3744 rursus
614 3679 775 3745 invadere.
808 3681 887 3745 haec
909 3681 1026 3746 Iturius
1049 3688 1080 3745 11
1103 3679 1258 3744 Calvisius
1279 3676 1345 3741 Ati·

302 3789 395 3866 meto,
419 3781 577 3847 Domitiae
591 3784 726 3849 Neronis
749 3785 867 3849 amitae
888 3786 1010 3867 liberto,
1034 3784 1191 3868 aperiunt.
1216 3783 1271 3865 qui
1285 3783 1345 3847 lac·

301 3892 354 3950 tus
369 3886 484 3950 oblatis
509 3887 639 3971 (quippe
654 3889 736 3953 inter
751 3889 960 3974 Agrippinam
976 3896 1007 3954 11
1023 3889 1197 3954 Domitiam
1218 3887 1344 3952 infensa
