<?xml version="1.0" encoding="UTF-8"?>
<!DOCTYPE html PUBLIC "-//W3C//DTD XHTML 1.0 Transitional//EN"
    "http://www.w3.org/TR/xhtml1/DTD/xhtml1-transitional.dtd">
<html xmlns="http://www.w3.org/1999/xhtml" xml:lang="en" lang="en">
 <head>
  <title>
</title>
<meta http-equiv="Content-Type" content="text/html;charset=utf-8" />
  <meta name='ocr-system' content='tesseract 3.04.00' />
  <meta name='ocr-capabilities' content='ocr_page ocr_carea ocr_par ocr_line ocrx_word'/>
</head>
<body>
  <div class='ocr_page' id='page_1' title='image "./dieannalendespc00chrigoog_0072.png"; bbox 0 0 2984 4275; ppageno 0'>
   <div class='ocr_carea' id='block_1_1' title="bbox 479 193 1178 276">
    <p class='ocr_par' dir='ltr' id='par_1_1' title="bbox 479 193 1178 276">
     <span class='ocr_line' id='line_1_1' title="bbox 479 193 1178 276; baseline -0.006 -15"><span class='ocrx_word' id='word_1_1' title='bbox 479 224 505 262; x_wconf 87' lang='lat' dir='ltr'>a.</span> <span class='ocrx_word' id='word_1_2' title='bbox 517 208 550 263; x_wconf 90' lang='lat' dir='ltr'>U.</span> <span class='ocrx_word' id='word_1_3' title='bbox 564 224 586 262; x_wconf 80' lang='lat' dir='ltr'>c</span> <span class='ocrx_word' id='word_1_4' title='bbox 600 212 659 265; x_wconf 80' lang='lat'><strong>807.</strong></span> <span class='ocrx_word' id='word_1_5' title='bbox 683 225 709 276; x_wconf 93' lang='lat' dir='ltr'>p.</span> <span class='ocrx_word' id='word_1_6' title='bbox 723 207 786 262; x_wconf 84' lang='lat' dir='ltr'>Chr.</span> <span class='ocrx_word' id='word_1_7' title='bbox 798 211 840 264; x_wconf 81' lang='grc'>54.</span> <span class='ocrx_word' id='word_1_8' title='bbox 1137 193 1178 259; x_wconf 79' lang='lat'>51</span> 
     </span>
    </p>
   </div>
   <div class='ocr_carea' id='block_1_2' title="bbox 137 381 1181 759">
    <p class='ocr_par' dir='ltr' id='par_1_2' title="bbox 137 381 1181 759">
     <span class='ocr_line' id='line_1_2' title="bbox 139 381 1181 466; baseline 0.003 -21"><span class='ocrx_word' id='word_1_9' title='bbox 139 381 334 466; x_wconf 87' lang='lat' dir='ltr'>celebratur,</span> <span class='ocrx_word' id='word_1_10' title='bbox 350 383 532 447; x_wconf 81' lang='lat' dir='ltr'>aemulante</span> <span class='ocrx_word' id='word_1_11' title='bbox 555 382 731 466; x_wconf 87' lang='lat' dir='ltr'>Agrippina</span> <span class='ocrx_word' id='word_1_12' title='bbox 755 383 904 466; x_wconf 89' lang='lat' dir='ltr'>proaviae</span> <span class='ocrx_word' id='word_1_13' title='bbox 927 382 1038 448; x_wconf 89' lang='lat' dir='ltr'>Liviae</span> <span class='ocrx_word' id='word_1_14' title='bbox 1061 384 1181 466; x_wconf 86' lang='lat' dir='ltr'>magni-</span> 
     </span>
     <span class='ocr_line' id='line_1_3' title="bbox 138 485 1181 568; baseline 0.001 -18"><span class='ocrx_word' id='word_1_15' title='bbox 138 485 308 550; x_wconf 89' lang='lat' dir='ltr'>ficentiam.</span> <span class='ocrx_word' id='word_1_16' title='bbox 343 492 570 550; x_wconf 86' lang='lat' dir='ltr'>testamentum</span> <span class='ocrx_word' id='word_1_17' title='bbox 592 494 701 551; x_wconf 88' lang='lat' dir='ltr'>tamen</span> <span class='ocrx_word' id='word_1_18' title='bbox 723 485 810 551; x_wconf 88' lang='lat' dir='ltr'>haud</span> <span class='ocrx_word' id='word_1_19' title='bbox 831 486 1008 568; x_wconf 90' lang='lat' dir='ltr'>recitatum,</span> <span class='ocrx_word' id='word_1_20' title='bbox 1031 507 1072 551; x_wconf 91' lang='lat' dir='ltr'>nc</span> <span class='ocrx_word' id='word_1_21' title='bbox 1094 494 1181 551; x_wconf 89' lang='lat' dir='ltr'>ante·</span> 
     </span>
     <span class='ocr_line' id='line_1_4' title="bbox 137 589 1180 673; baseline 0.001 -20"><span class='ocrx_word' id='word_1_22' title='bbox 137 589 258 673; x_wconf 85' lang='lat' dir='ltr'>positus</span> <span class='ocrx_word' id='word_1_23' title='bbox 280 589 346 654; x_wconf 88' lang='lat' dir='ltr'>filio</span> <span class='ocrx_word' id='word_1_24' title='bbox 368 590 531 673; x_wconf 83' lang='lat' dir='ltr'>privignus</span> <span class='ocrx_word' id='word_1_25' title='bbox 553 590 667 654; x_wconf 89' lang='lat' dir='ltr'>iniuria</span> <span class='ocrx_word' id='word_1_26' title='bbox 689 596 722 654; x_wconf 90' lang='lat' dir='ltr'>et</span> <span class='ocrx_word' id='word_1_27' title='bbox 735 589 857 654; x_wconf 88' lang='lat' dir='ltr'>invidia</span> <span class='ocrx_word' id='word_1_28' title='bbox 878 591 1002 655; x_wconf 87' lang='lat' dir='ltr'>animos</span> <span class='ocrx_word' id='word_1_29' title='bbox 1017 590 1104 673; x_wconf 87' lang='lat' dir='ltr'>vulgi</span> <span class='ocrx_word' id='word_1_30' title='bbox 1120 596 1180 654; x_wconf 91' lang='lat' dir='ltr'>tur-</span> 
     </span>
     <span class='ocr_line' id='line_1_5' title="bbox 137 694 799 759; baseline -0.003 0"><span class='ocrx_word' id='word_1_31' title='bbox 137 694 238 759; x_wconf 88' lang='lat' dir='ltr'>baret.</span> <span class='ocrx_word' id='word_1_32' title='bbox 793 709 799 719; x_wconf 84' lang='lat'><em>&#39;</em></span> 
     </span>
    </p>
   </div>
   <div class='ocr_carea' id='block_1_3' title="bbox 514 847 804 932">
    <p class='ocr_par' dir='ltr' id='par_1_3' title="bbox 514 847 804 932">
     <span class='ocr_line' id='line_1_6' title="bbox 514 847 804 932; baseline 0 0"><span class='ocrx_word' id='word_1_33' title='bbox 514 847 684 932; x_wconf 80' lang='lat' dir='ltr'><strong>LIBER</strong></span> <span class='ocrx_word' id='word_1_34' title='bbox 711 848 804 932; x_wconf 87' lang='lat' dir='ltr'><strong>XIII.</strong></span> 
     </span>
    </p>
   </div>
   <div class='ocr_carea' id='block_1_4' title="bbox 245 1005 1344 1096">
    <p class='ocr_par' dir='ltr' id='par_1_4' title="bbox 245 1005 1344 1096">
     <span class='ocr_line' id='line_1_7' title="bbox 245 1005 1344 1096; baseline 0.005 -28"><span class='ocrx_word' id='word_1_35' title='bbox 245 1007 273 1070; x_wconf 87' lang='lat' dir='ltr'>l.</span> <span class='ocrx_word' id='word_1_36' title='bbox 306 1006 415 1070; x_wconf 87' lang='lat' dir='ltr'>Prima</span> <span class='ocrx_word' id='word_1_37' title='bbox 439 1025 523 1070; x_wconf 85' lang='lat' dir='ltr'>novo</span> <span class='ocrx_word' id='word_1_38' title='bbox 551 1005 729 1089; x_wconf 88' lang='lat' dir='ltr'>principatu</span> <span class='ocrx_word' id='word_1_39' title='bbox 760 1026 844 1070; x_wconf 89' lang='lat' dir='ltr'>mors</span> <span class='ocrx_word' id='word_1_40' title='bbox 872 1005 955 1070; x_wconf 95' lang='lat' dir='ltr'>Iunii</span> <span class='ocrx_word' id='word_1_41' title='bbox 986 1005 1091 1096; x_wconf 58' lang='lat' dir='ltr'>Silani&gt;</span> <span class='ocrx_word' id='word_1_42' title='bbox 1112 1027 1180 1090; x_wconf 84' lang='lat' dir='ltr'>pro</span> <span class='ocrx_word' id='word_1_43' title='bbox 1207 1019 1344 1073; x_wconf 66' lang='lat' dir='ltr'>cantuar</span> 
     </span>
    </p>
   </div>
   <div class='ocr_carea' id='block_1_5' title="bbox 136 1090 1345 1204">
    <p class='ocr_par' dir='ltr' id='par_1_5' title="bbox 136 1090 1345 1204">
     <span class='ocr_line' id='line_1_8' title="bbox 136 1090 1345 1204; baseline 0.006 -31"><span class='ocrx_word' id='word_1_44' title='bbox 136 1109 275 1174; x_wconf 90' lang='lat' dir='ltr'>consulis</span> <span class='ocrx_word' id='word_1_45' title='bbox 286 1109 392 1193; x_wconf 89' lang='lat' dir='ltr'>Asiae,</span> <span class='ocrx_word' id='word_1_46' title='bbox 414 1109 525 1192; x_wconf 90' lang='lat' dir='ltr'>ignaro</span> <span class='ocrx_word' id='word_1_47' title='bbox 547 1109 684 1192; x_wconf 83' lang='lat' dir='ltr'>Nerone,</span> <span class='ocrx_word' id='word_1_48' title='bbox 709 1130 766 1193; x_wconf 90' lang='lat' dir='ltr'>per</span> <span class='ocrx_word' id='word_1_49' title='bbox 788 1109 897 1174; x_wconf 86' lang='lat' dir='ltr'>dolum</span> <span class='ocrx_word' id='word_1_50' title='bbox 909 1110 1104 1194; x_wconf 76' lang='lat' dir='ltr'>Agrippinae</span> <span class='ocrx_word' id='word_1_51' title='bbox 1126 1132 1179 1195; x_wconf 92' lang='lat' dir='ltr'>pa·</span> <span class='ocrx_word' id='word_1_52' title='bbox 1206 1090 1345 1204; x_wconf 51' lang='lat' dir='ltr'>“{ffiw</span> 
     </span>
    </p>
   </div>
   <div class='ocr_carea' id='block_1_6' title="bbox 23 1212 1355 1295">
    <p class='ocr_par' dir='ltr' id='par_1_6' title="bbox 23 1212 1355 1295">
     <span class='ocr_line' id='line_1_9' title="bbox 23 1212 1355 1295; baseline -0.004 -19"><span class='ocrx_word' id='word_1_53' title='bbox 23 1267 25 1276; x_wconf 74' lang='grc'><strong>,</strong></span> <span class='ocrx_word' id='word_1_54' title='bbox 135 1221 236 1293; x_wconf 85' lang='lat' dir='ltr'>ratur,</span> <span class='ocrx_word' id='word_1_55' title='bbox 272 1232 337 1278; x_wconf 92' lang='lat' dir='ltr'>non</span> <span class='ocrx_word' id='word_1_56' title='bbox 370 1212 444 1293; x_wconf 92' lang='lat' dir='ltr'>quia</span> <span class='ocrx_word' id='word_1_57' title='bbox 477 1213 598 1295; x_wconf 91' lang='lat' dir='ltr'>ingenii</span> <span class='ocrx_word' id='word_1_58' title='bbox 631 1212 783 1277; x_wconf 87' lang='lat' dir='ltr'>violentia</span> <span class='ocrx_word' id='word_1_59' title='bbox 816 1213 949 1278; x_wconf 80' lang='lat' dir='ltr'>exitium</span> <span class='ocrx_word' id='word_1_60' title='bbox 983 1214 1177 1295; x_wconf 82' lang='lat' dir='ltr'>inritaverat,</span> <span class='ocrx_word' id='word_1_61' title='bbox 1197 1229 1241 1274; x_wconf 75' lang='lat' dir='ltr'>nat</span> <span class='ocrx_word' id='word_1_62' title='bbox 1254 1229 1302 1273; x_wconf 71' lang='lat' dir='ltr'>aa</span> <span class='ocrx_word' id='word_1_63' title='bbox 1318 1229 1355 1272; x_wconf 73' lang='lat' dir='ltr'>uer</span> 
     </span>
    </p>
   </div>
   <div class='ocr_carea' id='block_1_7' title="bbox 23 1303 1179 1402">
    <p class='ocr_par' dir='ltr' id='par_1_7' title="bbox 23 1303 1179 1402">
     <span class='ocr_line' id='line_1_10' title="bbox 23 1303 1179 1402; baseline 0.002 -20"><span class='ocrx_word' id='word_1_64' title='bbox 23 1303 24 1332; x_wconf 57' lang='lat'><em>³</em></span> <span class='ocrx_word' id='word_1_65' title='bbox 136 1317 243 1400; x_wconf 88' lang='lat' dir='ltr'>segnis</span> <span class='ocrx_word' id='word_1_66' title='bbox 271 1323 304 1381; x_wconf 91' lang='lat' dir='ltr'>et</span> <span class='ocrx_word' id='word_1_67' title='bbox 330 1315 596 1381; x_wconf 82' lang='lat' dir='ltr'>dominationibus</span> <span class='ocrx_word' id='word_1_68' title='bbox 625 1317 695 1381; x_wconf 92' lang='lat' dir='ltr'>aliis</span> <span class='ocrx_word' id='word_1_69' title='bbox 716 1317 887 1402; x_wconf 79' lang='lat' dir='ltr'>fastiditae,</span> <span class='ocrx_word' id='word_1_70' title='bbox 914 1317 995 1383; x_wconf 88' lang='lat' dir='ltr'>adeo</span> <span class='ocrx_word' id='word_1_71' title='bbox 1022 1328 1058 1384; x_wconf 90' lang='lat' dir='ltr'>ut</span> <span class='ocrx_word' id='word_1_72' title='bbox 1081 1319 1179 1385; x_wconf 82' lang='lat' dir='ltr'>Gaius</span> 
     </span>
    </p>
   </div>
   <div class='ocr_carea' id='block_1_8' title="bbox 1215 1298 1335 1350">
    <p class='ocr_par' dir='ltr' id='par_1_8' title="bbox 1215 1298 1335 1350">
     <span class='ocr_line' id='line_1_11' title="bbox 1215 1298 1335 1350; baseline 0 -8"><span class='ocrx_word' id='word_1_73' title='bbox 1215 1298 1335 1350; x_wconf 66' lang='lat' dir='ltr'>Nutritur.</span> 
     </span>
    </p>
   </div>
   <div class='ocr_carea' id='block_1_9' title="bbox 135 1421 1179 1506">
    <p class='ocr_par' dir='ltr' id='par_1_9' title="bbox 135 1421 1179 1506">
     <span class='ocr_line' id='line_1_12' title="bbox 135 1421 1179 1506; baseline 0.001 -20"><span class='ocrx_word' id='word_1_74' title='bbox 135 1421 252 1488; x_wconf 83' lang='lat' dir='ltr'>(laesar</span> <span class='ocrx_word' id='word_1_75' title='bbox 274 1421 431 1505; x_wconf 88' lang='lat' dir='ltr'>pecudem</span> <span class='ocrx_word' id='word_1_76' title='bbox 453 1440 582 1486; x_wconf 91' lang='lat' dir='ltr'>auream</span> <span class='ocrx_word' id='word_1_77' title='bbox 599 1440 671 1486; x_wconf 90' lang='lat' dir='ltr'>eum</span> <span class='ocrx_word' id='word_1_78' title='bbox 686 1421 848 1506; x_wconf 90' lang='lat' dir='ltr'>appellare</span> <span class='ocrx_word' id='word_1_79' title='bbox 863 1422 973 1487; x_wconf 91' lang='lat' dir='ltr'>solitus</span> <span class='ocrx_word' id='word_1_80' title='bbox 990 1422 1045 1488; x_wconf 85' lang='lat' dir='ltr'>sit:</span> <span class='ocrx_word' id='word_1_81' title='bbox 1068 1443 1179 1488; x_wconf 86' lang='lat' dir='ltr'>verum</span> 
     </span>
    </p>
   </div>
   <div class='ocr_carea' id='block_1_10' title="bbox 23 1524 1179 1819">
    <p class='ocr_par' dir='ltr' id='par_1_10' title="bbox 23 1524 1179 1819">
     <span class='ocr_line' id='line_1_13' title="bbox 23 1524 1179 1609; baseline -0.001 -16"><span class='ocrx_word' id='word_1_82' title='bbox 23 1559 24 1580; x_wconf 52' lang='grc' dir='ltr'><strong>ι</strong></span> <span class='ocrx_word' id='word_1_83' title='bbox 135 1526 314 1609; x_wconf 88' lang='lat' dir='ltr'>Agrippina</span> <span class='ocrx_word' id='word_1_84' title='bbox 343 1524 435 1589; x_wconf 88' lang='lat' dir='ltr'>fratri</span> <span class='ocrx_word' id='word_1_85' title='bbox 465 1525 532 1590; x_wconf 90' lang='lat' dir='ltr'>eius</span> <span class='ocrx_word' id='word_1_86' title='bbox 563 1525 599 1590; x_wconf 92' lang='lat' dir='ltr'>L.</span> <span class='ocrx_word' id='word_1_87' title='bbox 629 1524 737 1589; x_wconf 89' lang='lat' dir='ltr'>Silano</span> <span class='ocrx_word' id='word_1_88' title='bbox 764 1545 874 1589; x_wconf 90' lang='lat' dir='ltr'>necem</span> <span class='ocrx_word' id='word_1_89' title='bbox 905 1527 1014 1590; x_wconf 89' lang='lat' dir='ltr'>molita</span> <span class='ocrx_word' id='word_1_90' title='bbox 1045 1528 1179 1593; x_wconf 87' lang='lat' dir='ltr'>ultorem</span> 
     </span>
     <span class='ocr_line' id='line_1_14' title="bbox 23 1617 1179 1713; baseline 0.001 -20"><span class='ocrx_word' id='word_1_91' title='bbox 23 1617 25 1672; x_wconf 65' lang='grc' dir='ltr'>Γ</span> <span class='ocrx_word' id='word_1_92' title='bbox 136 1631 308 1713; x_wconf 80' lang='lat' dir='ltr'>metuebat,</span> <span class='ocrx_word' id='word_1_93' title='bbox 332 1630 442 1695; x_wconf 90' lang='lat' dir='ltr'>crebra</span> <span class='ocrx_word' id='word_1_94' title='bbox 463 1630 550 1712; x_wconf 86' lang='lat' dir='ltr'>vulgi</span> <span class='ocrx_word' id='word_1_95' title='bbox 572 1629 659 1693; x_wconf 83' lang='lat' dir='ltr'>fama</span> <span class='ocrx_word' id='word_1_96' title='bbox 682 1629 939 1713; x_wconf 90' lang='lat' dir='ltr'>anteponendum</span> <span class='ocrx_word' id='word_1_97' title='bbox 963 1651 1032 1696; x_wconf 92' lang='lat' dir='ltr'>esse</span> <span class='ocrx_word' id='word_1_98' title='bbox 1046 1630 1179 1695; x_wconf 69' lang='lat' dir='ltr'>mudum</span> 
     </span>
     <span class='ocr_line' id='line_1_15' title="bbox 23 1732 1179 1819; baseline 0.003 -22"><span class='ocrx_word' id='word_1_99' title='bbox 23 1785 25 1788; x_wconf 55' lang='grc'>,</span> <span class='ocrx_word' id='word_1_100' title='bbox 134 1732 305 1817; x_wconf 88' lang='lat' dir='ltr'>pueritiam</span> <span class='ocrx_word' id='word_1_101' title='bbox 328 1753 453 1815; x_wconf 89' lang='lat' dir='ltr'>egresso</span> <span class='ocrx_word' id='word_1_102' title='bbox 475 1733 596 1797; x_wconf 85' lang='lat' dir='ltr'>Neroni</span> <span class='ocrx_word' id='word_1_103' title='bbox 618 1740 651 1798; x_wconf 90' lang='lat' dir='ltr'>et</span> <span class='ocrx_word' id='word_1_104' title='bbox 672 1733 841 1817; x_wconf 91' lang='lat' dir='ltr'>imperium</span> <span class='ocrx_word' id='word_1_105' title='bbox 863 1754 920 1817; x_wconf 91' lang='lat' dir='ltr'>per</span> <span class='ocrx_word' id='word_1_106' title='bbox 940 1735 1040 1799; x_wconf 88' lang='lat' dir='ltr'>scelus</span> <span class='ocrx_word' id='word_1_107' title='bbox 1062 1734 1179 1819; x_wconf 88' lang='lat' dir='ltr'>adepto</span> 
     </span>
    </p>
   </div>
   <div class='ocr_carea' id='block_1_11' title="bbox 23 1836 1180 2543">
    <p class='ocr_par' dir='ltr' id='par_1_11' title="bbox 23 1836 1180 2543">
     <span class='ocr_line' id='line_1_16' title="bbox 134 1836 1179 1921; baseline 0.001 -20"><span class='ocrx_word' id='word_1_108' title='bbox 134 1838 239 1902; x_wconf 85' lang='lat' dir='ltr'>virum</span> <span class='ocrx_word' id='word_1_109' title='bbox 260 1843 368 1901; x_wconf 89' lang='lat' dir='ltr'>aetate</span> <span class='ocrx_word' id='word_1_110' title='bbox 384 1837 568 1921; x_wconf 87' lang='lat' dir='ltr'>composita,</span> <span class='ocrx_word' id='word_1_111' title='bbox 591 1837 760 1918; x_wconf 77' lang='lat' dir='ltr'>insontem,</span> <span class='ocrx_word' id='word_1_112' title='bbox 783 1836 923 1903; x_wconf 94' lang='lat' dir='ltr'>nobilem</span> <span class='ocrx_word' id='word_1_113' title='bbox 939 1844 979 1919; x_wconf 89' lang='lat' dir='ltr'>et,</span> <span class='ocrx_word' id='word_1_114' title='bbox 1004 1837 1088 1919; x_wconf 86' lang='lat' dir='ltr'>quod</span> <span class='ocrx_word' id='word_1_115' title='bbox 1104 1845 1179 1902; x_wconf 90' lang='lat' dir='ltr'>tunc</span> 
     </span>
     <span class='ocr_line' id='line_1_17' title="bbox 136 1939 1179 2024; baseline 0.002 -20"><span class='ocrx_word' id='word_1_116' title='bbox 136 1946 340 2024; x_wconf 89' lang='lat' dir='ltr'>spectaretur,</span> <span class='ocrx_word' id='word_1_117' title='bbox 364 1961 384 2004; x_wconf 90' lang='lat' dir='ltr'>a</span> <span class='ocrx_word' id='word_1_118' title='bbox 405 1939 577 2005; x_wconf 78' lang='lat' dir='ltr'>Caesarum</span> <span class='ocrx_word' id='word_1_119' title='bbox 600 1941 745 2023; x_wconf 78' lang='lat' dir='ltr'>posteris:</span> <span class='ocrx_word' id='word_1_120' title='bbox 770 1940 887 2024; x_wconf 89' lang='lat' dir='ltr'>quippe</span> <span class='ocrx_word' id='word_1_121' title='bbox 910 1947 940 2005; x_wconf 92' lang='lat' dir='ltr'>et</span> <span class='ocrx_word' id='word_1_122' title='bbox 963 1940 1090 2006; x_wconf 80' lang='lat' dir='ltr'>Silanus</span> <span class='ocrx_word' id='word_1_123' title='bbox 1113 1940 1179 2006; x_wconf 81' lang='lat' dir='ltr'>divi</span> 
     </span>
     <span class='ocr_line' id='line_1_18' title="bbox 135 2043 1179 2127; baseline 0 -20"><span class='ocrx_word' id='word_1_124' title='bbox 135 2043 271 2126; x_wconf 85' lang='lat' dir='ltr'>Augusti</span> <span class='ocrx_word' id='word_1_125' title='bbox 293 2044 437 2127; x_wconf 88' lang='lat' dir='ltr'>abnepos</span> <span class='ocrx_word' id='word_1_126' title='bbox 459 2049 536 2108; x_wconf 88' lang='lat' dir='ltr'>erat.</span> <span class='ocrx_word' id='word_1_127' title='bbox 575 2043 655 2108; x_wconf 89' lang='lat' dir='ltr'>haec</span> <span class='ocrx_word' id='word_1_128' title='bbox 678 2063 776 2110; x_wconf 91' lang='lat' dir='ltr'>causa</span> <span class='ocrx_word' id='word_1_129' title='bbox 797 2044 894 2108; x_wconf 90' lang='lat' dir='ltr'>necis.</span> <span class='ocrx_word' id='word_1_130' title='bbox 933 2044 1068 2108; x_wconf 88' lang='lat' dir='ltr'>ministri</span> <span class='ocrx_word' id='word_1_131' title='bbox 1090 2043 1179 2107; x_wconf 86' lang='lat' dir='ltr'>fuere</span> 
     </span>
     <span class='ocr_line' id='line_1_19' title="bbox 23 2148 1179 2247; baseline 0 -35"><span class='ocrx_word' id='word_1_132' title='bbox 23 2226 24 2247; x_wconf 50' lang='lat'>,</span> <span class='ocrx_word' id='word_1_133' title='bbox 136 2149 169 2213; x_wconf 92' lang='lat' dir='ltr'>P.</span> <span class='ocrx_word' id='word_1_134' title='bbox 190 2148 283 2214; x_wconf 79' lang='lat' dir='ltr'>Celer</span> <span class='ocrx_word' id='word_1_135' title='bbox 304 2167 402 2230; x_wconf 88' lang='lat' dir='ltr'>eques</span> <span class='ocrx_word' id='word_1_136' title='bbox 425 2149 588 2214; x_wconf 82' lang='lat' dir='ltr'>Romanus</span> <span class='ocrx_word' id='word_1_137' title='bbox 611 2156 643 2214; x_wconf 88' lang='lat' dir='ltr'>ct</span> <span class='ocrx_word' id='word_1_138' title='bbox 664 2149 778 2214; x_wconf 88' lang='lat' dir='ltr'>Helius</span> <span class='ocrx_word' id='word_1_139' title='bbox 800 2148 939 2230; x_wconf 87' lang='lat' dir='ltr'>libertus,</span> <span class='ocrx_word' id='word_1_140' title='bbox 963 2149 1009 2213; x_wconf 90' lang='lat' dir='ltr'>rei</span> <span class='ocrx_word' id='word_1_141' title='bbox 1032 2148 1179 2213; x_wconf 87' lang='lat' dir='ltr'>familiari</span> 
     </span>
     <span class='ocr_line' id='line_1_20' title="bbox 23 2252 1179 2336; baseline -0.002 -19"><span class='ocrx_word' id='word_1_142' title='bbox 23 2262 24 2317; x_wconf 68' lang='lat' dir='ltr'>l</span> <span class='ocrx_word' id='word_1_143' title='bbox 136 2253 287 2336; x_wconf 90' lang='lat' dir='ltr'>principis</span> <span class='ocrx_word' id='word_1_144' title='bbox 316 2253 349 2316; x_wconf 94' lang='lat' dir='ltr'>in</span> <span class='ocrx_word' id='word_1_145' title='bbox 376 2252 454 2317; x_wconf 88' lang='lat' dir='ltr'>Asia</span> <span class='ocrx_word' id='word_1_146' title='bbox 483 2252 623 2336; x_wconf 87' lang='lat' dir='ltr'>inpositi.</span> <span class='ocrx_word' id='word_1_147' title='bbox 660 2253 702 2316; x_wconf 92' lang='lat' dir='ltr'>ab</span> <span class='ocrx_word' id='word_1_148' title='bbox 733 2252 782 2317; x_wconf 89' lang='lat' dir='ltr'>his</span> <span class='ocrx_word' id='word_1_149' title='bbox 812 2253 989 2335; x_wconf 81' lang='lat' dir='ltr'>proconsuli</span> <span class='ocrx_word' id='word_1_150' title='bbox 1020 2272 1179 2318; x_wconf 90' lang='lat' dir='ltr'>venenum</span> 
     </span>
     <span class='ocr_line' id='line_1_21' title="bbox 134 2355 1179 2440; baseline -0.001 -20"><span class='ocrx_word' id='word_1_151' title='bbox 134 2356 217 2422; x_wconf 89' lang='lat' dir='ltr'>inter</span> <span class='ocrx_word' id='word_1_152' title='bbox 240 2356 350 2440; x_wconf 83' lang='lat' dir='ltr'>epulas</span> <span class='ocrx_word' id='word_1_153' title='bbox 372 2355 482 2420; x_wconf 87' lang='lat' dir='ltr'>datum</span> <span class='ocrx_word' id='word_1_154' title='bbox 505 2362 553 2420; x_wconf 90' lang='lat' dir='ltr'>est</span> <span class='ocrx_word' id='word_1_155' title='bbox 574 2357 722 2440; x_wconf 91' lang='lat' dir='ltr'>apertius,</span> <span class='ocrx_word' id='word_1_156' title='bbox 747 2376 845 2438; x_wconf 91' lang='lat' dir='ltr'>quam</span> <span class='ocrx_word' id='word_1_157' title='bbox 868 2363 904 2421; x_wconf 90' lang='lat' dir='ltr'>ut</span> <span class='ocrx_word' id='word_1_158' title='bbox 925 2356 1080 2421; x_wconf 86' lang='lat' dir='ltr'>fallerent.</span> <span class='ocrx_word' id='word_1_159' title='bbox 1120 2376 1179 2420; x_wconf 89' lang='lat' dir='ltr'>neo</span> 
     </span>
     <span class='ocr_line' id='line_1_22' title="bbox 136 2459 1180 2543; baseline -0.005 -16"><span class='ocrx_word' id='word_1_160' title='bbox 136 2461 240 2527; x_wconf 88' lang='lat' dir='ltr'>minus</span> <span class='ocrx_word' id='word_1_161' title='bbox 274 2465 442 2543; x_wconf 89' lang='lat' dir='ltr'>properato</span> <span class='ocrx_word' id='word_1_162' title='bbox 474 2459 640 2525; x_wconf 82' lang='lat' dir='ltr'>Narcissus</span> <span class='ocrx_word' id='word_1_163' title='bbox 674 2459 799 2525; x_wconf 73' lang='lat' dir='ltr'>Claudii</span> <span class='ocrx_word' id='word_1_164' title='bbox 833 2459 983 2541; x_wconf 88' lang='lat' dir='ltr'>libertus,</span> <span class='ocrx_word' id='word_1_165' title='bbox 1018 2459 1058 2524; x_wconf 90' lang='lat' dir='ltr'>de</span> <span class='ocrx_word' id='word_1_166' title='bbox 1092 2460 1180 2523; x_wconf 89' lang='lat' dir='ltr'>cuius</span> 
     </span>
    </p>
   </div>
   <div class='ocr_carea' id='block_1_12' title="bbox 136 2563 1179 2648">
    <p class='ocr_par' dir='ltr' id='par_1_12' title="bbox 23 2562 1179 2655">
     <span class='ocr_line' id='line_1_23' title="bbox 136 2563 1179 2648; baseline -0.003 -18.293"><span class='ocrx_word' id='word_1_167' title='bbox 136 2564 245 2647; x_wconf 86' lang='lat' dir='ltr'>iurgiis</span> <span class='ocrx_word' id='word_1_168' title='bbox 273 2563 425 2629; x_wconf 86' lang='lat' dir='ltr'>adversus</span> <span class='ocrx_word' id='word_1_169' title='bbox 447 2564 656 2648; x_wconf 82' lang='lat' dir='ltr'>Agrippinam</span> <span class='ocrx_word' id='word_1_170' title='bbox 684 2564 799 2646; x_wconf 90' lang='lat' dir='ltr'>rettuli,</span> <span class='ocrx_word' id='word_1_171' title='bbox 831 2583 944 2646; x_wconf 89' lang='lat' dir='ltr'>aspera</span> <span class='ocrx_word' id='word_1_172' title='bbox 975 2564 1117 2629; x_wconf 89' lang='lat' dir='ltr'>custodia</span> <span class='ocrx_word' id='word_1_173' title='bbox 1147 2571 1179 2629; x_wconf 89' lang='lat' dir='ltr'>et</span> 
     </span>
    </p>
   </div>
   <div class='ocr_carea' id='block_1_13' title="bbox 136 2667 1179 2855">
    <p class='ocr_par' dir='ltr' id='par_1_13' title="bbox 136 2667 1179 2855">
     <span class='ocr_line' id='line_1_24' title="bbox 136 2667 1178 2752; baseline 0 -20"><span class='ocrx_word' id='word_1_174' title='bbox 136 2667 325 2733; x_wconf 86' lang='lat' dir='ltr'>necessitate</span> <span class='ocrx_word' id='word_1_175' title='bbox 353 2674 495 2732; x_wconf 76' lang='lat' dir='ltr'>extrema</span> <span class='ocrx_word' id='word_1_176' title='bbox 521 2668 563 2732; x_wconf 88' lang='lat' dir='ltr'>ad</span> <span class='ocrx_word' id='word_1_177' title='bbox 590 2675 723 2732; x_wconf 89' lang='lat' dir='ltr'>mortem</span> <span class='ocrx_word' id='word_1_178' title='bbox 751 2667 864 2749; x_wconf 87' lang='lat' dir='ltr'>agitur,</span> <span class='ocrx_word' id='word_1_179' title='bbox 897 2667 997 2732; x_wconf 89' lang='lat' dir='ltr'>invito</span> <span class='ocrx_word' id='word_1_180' title='bbox 1026 2668 1178 2752; x_wconf 90' lang='lat' dir='ltr'>principe,</span> 
     </span>
     <span class='ocr_line' id='line_1_25' title="bbox 136 2770 1179 2855; baseline -0.001 -20"><span class='ocrx_word' id='word_1_181' title='bbox 136 2772 225 2837; x_wconf 90' lang='lat' dir='ltr'>ouius</span> <span class='ocrx_word' id='word_1_182' title='bbox 247 2770 365 2837; x_wconf 87' lang='lat' dir='ltr'>abditis</span> <span class='ocrx_word' id='word_1_183' title='bbox 386 2771 491 2835; x_wconf 84' lang='lat' dir='ltr'>adhuc</span> <span class='ocrx_word' id='word_1_184' title='bbox 511 2771 597 2836; x_wconf 88' lang='lat' dir='ltr'>vitiis</span> <span class='ocrx_word' id='word_1_185' title='bbox 617 2791 674 2854; x_wconf 92' lang='lat' dir='ltr'>per</span> <span class='ocrx_word' id='word_1_186' title='bbox 695 2771 862 2835; x_wconf 89' lang='lat' dir='ltr'>avaritiam</span> <span class='ocrx_word' id='word_1_187' title='bbox 886 2790 925 2834; x_wconf 91' lang='lat' dir='ltr'>ac</span> <span class='ocrx_word' id='word_1_188' title='bbox 947 2771 1179 2855; x_wconf 85' lang='lat' dir='ltr'>prodigentiam</span> 
     </span>
    </p>
   </div>
   <div class='ocr_carea' id='block_1_14' title="bbox 23 2876 1334 3062">
    <p class='ocr_par' dir='ltr' id='par_1_14' title="bbox 23 2876 1334 3062">
     <span class='ocr_line' id='line_1_26' title="bbox 23 2876 443 2959; baseline 0 -20"><span class='ocrx_word' id='word_1_189' title='bbox 23 2946 25 2959; x_wconf 41' lang='lat'>,</span> <span class='ocrx_word' id='word_1_190' title='bbox 136 2877 214 2941; x_wconf 91' lang='lat' dir='ltr'>mire</span> <span class='ocrx_word' id='word_1_191' title='bbox 238 2876 443 2957; x_wconf 86' lang='lat' dir='ltr'>congruebat.</span> 
     </span>
     <span class='ocr_line' id='line_1_27' title="bbox 23 2962 1334 3062; baseline 0.002 -21"><span class='ocrx_word' id='word_1_192' title='bbox 23 2962 24 2975; x_wconf 40' lang='lat'>¹</span> <span class='ocrx_word' id='word_1_193' title='bbox 241 2978 271 3042; x_wconf 74' lang='lat'>2.</span> <span class='ocrx_word' id='word_1_194' title='bbox 307 2978 479 3060; x_wconf 85' lang='lat' dir='ltr'>Ibaturque</span> <span class='ocrx_word' id='word_1_195' title='bbox 511 2979 544 3043; x_wconf 93' lang='lat' dir='ltr'>in</span> <span class='ocrx_word' id='word_1_196' title='bbox 575 2978 698 3062; x_wconf 88' lang='lat' dir='ltr'>caedes,</span> <span class='ocrx_word' id='word_1_197' title='bbox 732 2979 794 3043; x_wconf 90' lang='lat' dir='ltr'>nisi</span> <span class='ocrx_word' id='word_1_198' title='bbox 820 2978 970 3043; x_wconf 90' lang='lat' dir='ltr'>Afranius</span> <span class='ocrx_word' id='word_1_199' title='bbox 1000 2979 1117 3043; x_wconf 89' lang='lat' dir='ltr'>Burrus</span> <span class='ocrx_word' id='word_1_200' title='bbox 1146 2986 1179 3044; x_wconf 91' lang='lat' dir='ltr'>et</span> <span class='ocrx_word' id='word_1_201' title='bbox 1219 2989 1334 3044; x_wconf 56' lang='lat' dir='ltr'>curtae</span> 
     </span>
    </p>
   </div>
   <div class='ocr_carea' id='block_1_15' title="bbox 23 3076 1216 3173">
    <p class='ocr_par' dir='ltr' id='par_1_15' title="bbox 23 3076 1216 3173">
     <span class='ocr_line' id='line_1_28' title="bbox 23 3076 1216 3173; baseline -0.001 -25"><span class='ocrx_word' id='word_1_202' title='bbox 23 3140 24 3159; x_wconf 62' lang='lat'>,</span> <span class='ocrx_word' id='word_1_203' title='bbox 135 3076 287 3148; x_wconf 74' lang='lat' dir='ltr'>Annaeus</span> <span class='ocrx_word' id='word_1_204' title='bbox 310 3081 432 3147; x_wconf 81' lang='lat' dir='ltr'>Seneca</span> <span class='ocrx_word' id='word_1_205' title='bbox 454 3083 581 3148; x_wconf 85' lang='lat' dir='ltr'>obviam</span> <span class='ocrx_word' id='word_1_206' title='bbox 602 3083 710 3149; x_wconf 87' lang='lat' dir='ltr'>issent.</span> <span class='ocrx_word' id='word_1_207' title='bbox 744 3082 779 3147; x_wconf 92' lang='lat' dir='ltr'>hi</span> <span class='ocrx_word' id='word_1_208' title='bbox 801 3089 937 3147; x_wconf 85' lang='lat' dir='ltr'>rectores</span> <span class='ocrx_word' id='word_1_209' title='bbox 958 3082 1178 3166; x_wconf 86' lang='lat' dir='ltr'>imperatoriae</span> <span class='ocrx_word' id='word_1_210' title='bbox 1204 3130 1216 3173; x_wconf 75' lang='lat'>,</span> 
     </span>
    </p>
   </div>
   <div class='ocr_carea' id='block_1_16' title="bbox 1219 3060 1343 3174">
    <p class='ocr_par' dir='ltr' id='par_1_16' title="bbox 1219 3060 1343 3174">
     <span class='ocr_line' id='line_1_29' title="bbox 1227 3060 1315 3112; baseline 0 -8"><span class='ocrx_word' id='word_1_211' title='bbox 1227 3060 1315 3112; x_wconf 65' lang='lat' dir='ltr'>bintus</span> 
     </span>
     <span class='ocr_line' id='line_1_30' title="bbox 1219 3130 1343 3174; baseline -0.008 0"><span class='ocrx_word' id='word_1_212' title='bbox 1219 3132 1242 3174; x_wconf 75' lang='lat' dir='ltr'>eb</span> <span class='ocrx_word' id='word_1_213' title='bbox 1256 3130 1343 3173; x_wconf 67' lang='lat' dir='ltr'>Sumus</span> 
     </span>
    </p>
   </div>
   <div class='ocr_carea' id='block_1_17' title="bbox 23 3185 1345 3270">
    <p class='ocr_par' dir='ltr' id='par_1_17' title="bbox 23 3185 1345 3270">
     <span class='ocr_line' id='line_1_31' title="bbox 23 3185 1345 3270; baseline -0.002 -19"><span class='ocrx_word' id='word_1_214' title='bbox 23 3186 24 3201; x_wconf 65' lang='lat'>³</span> <span class='ocrx_word' id='word_1_215' title='bbox 134 3188 285 3251; x_wconf 87' lang='lat' dir='ltr'>iuventae</span> <span class='ocrx_word' id='word_1_216' title='bbox 308 3192 340 3250; x_wconf 91' lang='lat' dir='ltr'>et</span> <span class='ocrx_word' id='word_1_217' title='bbox 363 3186 481 3270; x_wconf 86' lang='lat' dir='ltr'>(rarum</span> <span class='ocrx_word' id='word_1_218' title='bbox 503 3187 536 3250; x_wconf 91' lang='lat' dir='ltr'>in</span> <span class='ocrx_word' id='word_1_219' title='bbox 558 3187 709 3252; x_wconf 87' lang='lat' dir='ltr'>societate</span> <span class='ocrx_word' id='word_1_220' title='bbox 731 3185 905 3270; x_wconf 81' lang='lat' dir='ltr'>potentiae)</span> <span class='ocrx_word' id='word_1_221' title='bbox 930 3185 1110 3270; x_wconf 86' lang='lat' dir='ltr'>concordes,</span> <span class='ocrx_word' id='word_1_222' title='bbox 1134 3185 1177 3250; x_wconf 87' lang='lat' dir='ltr'>di·</span> <span class='ocrx_word' id='word_1_223' title='bbox 1204 3199 1345 3243; x_wconf 72' lang='lat' dir='ltr'>anteacta</span> 
     </span>
    </p>
   </div>
   <div class='ocr_carea' id='block_1_18' title="bbox 23 3289 1177 3374">
    <p class='ocr_par' dir='ltr' id='par_1_18' title="bbox 23 3289 1177 3374">
     <span class='ocr_line' id='line_1_32' title="bbox 23 3289 1177 3374; baseline 0 -19"><span class='ocrx_word' id='word_1_224' title='bbox 23 3298 24 3301; x_wconf 75' lang='grc'>’</span> <span class='ocrx_word' id='word_1_225' title='bbox 136 3311 227 3355; x_wconf 84' lang='lat' dir='ltr'>versa</span> <span class='ocrx_word' id='word_1_226' title='bbox 250 3297 319 3354; x_wconf 90' lang='lat' dir='ltr'>arte</span> <span class='ocrx_word' id='word_1_227' title='bbox 342 3309 381 3354; x_wconf 81' lang='lat' dir='ltr'>ex</span> <span class='ocrx_word' id='word_1_228' title='bbox 404 3310 506 3372; x_wconf 88' lang='lat' dir='ltr'>aequo</span> <span class='ocrx_word' id='word_1_229' title='bbox 529 3291 702 3374; x_wconf 89' lang='lat' dir='ltr'>pollebant,</span> <span class='ocrx_word' id='word_1_230' title='bbox 731 3291 851 3354; x_wconf 89' lang='lat' dir='ltr'>Burrus</span> <span class='ocrx_word' id='word_1_231' title='bbox 878 3289 1068 3355; x_wconf 86' lang='lat' dir='ltr'>militaribus</span> <span class='ocrx_word' id='word_1_232' title='bbox 1095 3294 1177 3355; x_wconf 84' lang='lat' dir='ltr'>cuns</span> 
     </span>
    </p>
   </div>
   <div class='ocr_carea' id='block_1_19' title="bbox 1152 3268 1333 3320">
    <p class='ocr_par' dir='ltr' id='par_1_19' title="bbox 1152 3268 1333 3320">
     <span class='ocr_line' id='line_1_33' title="bbox 1152 3268 1333 3320; baseline 0 -7"><span class='ocrx_word' id='word_1_233' title='bbox 1152 3290 1159 3305; x_wconf 90' lang='lat'><strong>·</strong></span> <span class='ocrx_word' id='word_1_234' title='bbox 1215 3268 1254 3320; x_wconf 74' lang='lat' dir='ltr'>auf</span> <span class='ocrx_word' id='word_1_235' title='bbox 1267 3268 1333 3313; x_wconf 73' lang='lat' dir='ltr'>bleta.</span> 
     </span>
    </p>
   </div>
   <div class='ocr_carea' id='block_1_20' title="bbox 23 3392 1178 3477">
    <p class='ocr_par' dir='ltr' id='par_1_20' title="bbox 23 3392 1178 3477">
     <span class='ocr_line' id='line_1_34' title="bbox 23 3392 1178 3477; baseline -0.004 -14"><span class='ocrx_word' id='word_1_236' title='bbox 23 3460 24 3463; x_wconf 74' lang='grc'>,</span> <span class='ocrx_word' id='word_1_237' title='bbox 135 3401 166 3458; x_wconf 90' lang='lat' dir='ltr'>et</span> <span class='ocrx_word' id='word_1_238' title='bbox 192 3393 364 3458; x_wconf 86' lang='lat' dir='ltr'>severitate</span> <span class='ocrx_word' id='word_1_239' title='bbox 395 3414 525 3474; x_wconf 93' lang='lat' dir='ltr'>morum,</span> <span class='ocrx_word' id='word_1_240' title='bbox 557 3392 680 3458; x_wconf 81' lang='lat' dir='ltr'>Seneca</span> <span class='ocrx_word' id='word_1_241' title='bbox 710 3393 887 3477; x_wconf 89' lang='lat' dir='ltr'>praeceptis</span> <span class='ocrx_word' id='word_1_242' title='bbox 918 3393 1119 3474; x_wconf 86' lang='lat' dir='ltr'>eloquentiae</span> <span class='ocrx_word' id='word_1_243' title='bbox 1146 3400 1178 3458; x_wconf 92' lang='lat' dir='ltr'>et</span> 
     </span>
    </p>
   </div>
   <div class='ocr_carea' id='block_1_21' title="bbox 135 3496 1274 3891">
    <p class='ocr_par' dir='ltr' id='par_1_21' title="bbox 135 3496 1274 3891">
     <span class='ocr_line' id='line_1_35' title="bbox 135 3496 1177 3581; baseline -0.001 -20"><span class='ocrx_word' id='word_1_244' title='bbox 135 3497 285 3561; x_wconf 85' lang='lat' dir='ltr'>comitate</span> <span class='ocrx_word' id='word_1_245' title='bbox 308 3496 452 3581; x_wconf 86' lang='lat' dir='ltr'>honesta,</span> <span class='ocrx_word' id='word_1_246' title='bbox 479 3497 628 3561; x_wconf 84' lang='lat' dir='ltr'>iuvantes</span> <span class='ocrx_word' id='word_1_247' title='bbox 649 3496 683 3560; x_wconf 92' lang='lat' dir='ltr'>in</span> <span class='ocrx_word' id='word_1_248' title='bbox 706 3497 818 3578; x_wconf 86' lang='lat' dir='ltr'>vicem,</span> <span class='ocrx_word' id='word_1_249' title='bbox 846 3516 908 3578; x_wconf 93' lang='lat' dir='ltr'>quo</span> <span class='ocrx_word' id='word_1_250' title='bbox 938 3496 1062 3561; x_wconf 84' lang='lat' dir='ltr'>facilius</span> <span class='ocrx_word' id='word_1_251' title='bbox 1084 3497 1177 3560; x_wconf 91' lang='lat' dir='ltr'>lubri-</span> 
     </span>
     <span class='ocr_line' id='line_1_36' title="bbox 135 3599 1177 3684; baseline -0.001 -21"><span class='ocrx_word' id='word_1_252' title='bbox 135 3620 205 3664; x_wconf 90' lang='lat' dir='ltr'>cam</span> <span class='ocrx_word' id='word_1_253' title='bbox 225 3599 376 3684; x_wconf 87' lang='lat' dir='ltr'>prinoipis</span> <span class='ocrx_word' id='word_1_254' title='bbox 395 3606 545 3683; x_wconf 87' lang='lat' dir='ltr'>aetatem,</span> <span class='ocrx_word' id='word_1_255' title='bbox 568 3600 595 3664; x_wconf 89' lang='lat' dir='ltr'>si</span> <span class='ocrx_word' id='word_1_256' title='bbox 613 3601 763 3665; x_wconf 86' lang='lat' dir='ltr'>virtutem</span> <span class='ocrx_word' id='word_1_257' title='bbox 785 3606 1017 3682; x_wconf 80' lang='lat' dir='ltr'>aspernaretur,</span> <span class='ocrx_word' id='word_1_258' title='bbox 1037 3601 1177 3682; x_wconf 84' lang='lat' dir='ltr'>volupta-</span> 
     </span>
     <span class='ocr_line' id='line_1_37' title="bbox 135 3702 1176 3784; baseline 0.002 -18"><span class='ocrx_word' id='word_1_259' title='bbox 135 3702 220 3770; x_wconf 85' lang='lat' dir='ltr'>tibus</span> <span class='ocrx_word' id='word_1_260' title='bbox 243 3705 399 3768; x_wconf 89' lang='lat' dir='ltr'>concessis</span> <span class='ocrx_word' id='word_1_261' title='bbox 421 3704 603 3769; x_wconf 89' lang='lat' dir='ltr'>retinerent.</span> <span class='ocrx_word' id='word_1_262' title='bbox 642 3711 801 3768; x_wconf 88' lang='lat' dir='ltr'>certamen</span> <span class='ocrx_word' id='word_1_263' title='bbox 824 3703 949 3784; x_wconf 90' lang='lat' dir='ltr'>utrique</span> <span class='ocrx_word' id='word_1_264' title='bbox 979 3723 1079 3766; x_wconf 91' lang='lat' dir='ltr'>unum</span> <span class='ocrx_word' id='word_1_265' title='bbox 1108 3711 1176 3768; x_wconf 91' lang='lat' dir='ltr'>erat</span> 
     </span>
     <span class='ocr_line' id='line_1_38' title="bbox 135 3805 1274 3891; baseline -0.004 -16"><span class='ocrx_word' id='word_1_266' title='bbox 135 3815 244 3875; x_wconf 86' lang='lat' dir='ltr'>eontra</span> <span class='ocrx_word' id='word_1_267' title='bbox 266 3807 416 3873; x_wconf 86' lang='lat' dir='ltr'>ferociam</span> <span class='ocrx_word' id='word_1_268' title='bbox 431 3807 636 3891; x_wconf 81' lang='lat' dir='ltr'>Agrippinae,</span> <span class='ocrx_word' id='word_1_269' title='bbox 661 3827 743 3888; x_wconf 91' lang='lat' dir='ltr'>quae</span> <span class='ocrx_word' id='word_1_270' title='bbox 767 3806 887 3870; x_wconf 89' lang='lat' dir='ltr'>cunctis</span> <span class='ocrx_word' id='word_1_271' title='bbox 908 3806 1014 3869; x_wconf 92' lang='lat' dir='ltr'>malae</span> <span class='ocrx_word' id='word_1_272' title='bbox 1037 3805 1175 3871; x_wconf 89' lang='lat' dir='ltr'>domina·</span> <span class='ocrx_word' id='word_1_273' title='bbox 1272 3861 1274 3863; x_wconf 86' lang='lat'><em>.</em></span> 
     </span>
    </p>
   </div>
   <div class='ocr_carea' id='block_1_22' title="bbox 136 3908 1174 4062">
    <p class='ocr_par' dir='ltr' id='par_1_22' title="bbox 136 3908 1174 4062">
     <span class='ocr_line' id='line_1_39' title="bbox 136 3908 1174 3994; baseline -0.001 -19"><span class='ocrx_word' id='word_1_274' title='bbox 136 3910 228 3977; x_wconf 90' lang='lat' dir='ltr'>tionis</span> <span class='ocrx_word' id='word_1_275' title='bbox 251 3910 451 3994; x_wconf 80' lang='lat' dir='ltr'>cupidinibus</span> <span class='ocrx_word' id='word_1_276' title='bbox 466 3910 605 3993; x_wconf 88' lang='lat' dir='ltr'>flagrans</span> <span class='ocrx_word' id='word_1_277' title='bbox 627 3910 768 3975; x_wconf 88' lang='lat' dir='ltr'>habebat</span> <span class='ocrx_word' id='word_1_278' title='bbox 783 3910 816 3974; x_wconf 92' lang='lat' dir='ltr'>in</span> <span class='ocrx_word' id='word_1_279' title='bbox 831 3908 974 3993; x_wconf 92' lang='lat' dir='ltr'>partibus</span> <span class='ocrx_word' id='word_1_280' title='bbox 989 3910 1174 3994; x_wconf 92' lang='lat' dir='ltr'>Pallantem,</span> 
     </span>
     <span class='ocr_line' id='line_1_40' title="bbox 1037 4014 1071 4062; baseline 0 -19"><span class='ocrx_word' id='word_1_281' title='bbox 1037 4014 1071 4062; x_wconf 59' lang='grc' dir='ltr'>μ</span> 
     </span>
    </p>
   </div>
   <div class='ocr_carea' id='block_1_23' title="bbox 0 0 1496 4275">
    <p class='ocr_par' dir='ltr' id='par_1_23' title="bbox 0 0 1496 4275">
     <span class='ocr_line' id='line_1_41' title="bbox 0 0 1496 4275; baseline 0 0"><span class='ocrx_word' id='word_1_282' title='bbox 0 0 1496 4275; x_wconf 95' lang='lat' dir='ltr'> </span> 
     </span>
    </p>
   </div>
  </div>
 </body>
</html>
