2984 4275
285 146 327 211 88
509 165 557 220 Ab
577 179 693 219 excessu
710 164 743 220 D.
756 164 882 234 Augusti
901 165 971 220 XIV
991 167 1103 220 11-15.

285 340 455 425 transtulit,
483 340 612 425 publiea
637 338 765 403 fortuna
792 338 965 403 extinctam
991 337 1141 403 referens.
1187 358 1326 421 namque

285 451 317 509 et
331 444 534 527 naufragium
548 443 713 508 narrabat:
738 442 823 526 quod
842 441 1009 507 fortuitum
1029 441 1136 524 fuisse,
1160 443 1231 525 quis
1245 442 1327 508 adeo

284 547 384 613 hebes
406 547 610 630 inveniretur,
638 553 673 612 ut
694 546 861 613 crederet?
897 553 953 611 aut
976 567 995 610 a
1017 547 1148 610 muliere
1170 545 1328 629 naufraga

286 653 417 717 missum
440 671 512 719 cum
533 652 597 717 telo
618 672 727 733 unum,
757 651 812 733 qui
833 651 978 716 cohortes
1001 656 1033 714 et
1057 650 1174 714 classes
1195 650 1328 733 impera·

285 756 361 821 toris
383 754 618 839 perfringeret?
655 774 730 836 ergo
753 774 817 819 non
839 753 904 818 iarn
926 754 1021 836 Nero,
1046 754 1134 818 cuius
1155 754 1328 819 inmanitas

286 859 427 925 omnium
455 865 584 942 questus
614 858 768 940 anteibat,
800 858 858 923 sed
887 856 1010 923 Seneca
1038 857 1174 923 adverso
1202 877 1326 923 rumore

286 969 362 1046 erat,
387 962 471 1046 qnod
493 962 632 1028 oratione
654 962 711 1027 tali
734 961 963 1027 confessionem
986 960 1169 1045 scripsisset.
1199 1020 1202 1024 ,

156 1081 230 1134 arcta
393 1066 442 1132 12.
477 1067 556 1131 Miro
582 1073 691 1132 tamen
719 1066 891 1131 certamine
921 1085 1087 1150 procerum
1117 1065 1327 1131 decernuntur

132 1150 249 1272 QZ&
288 1171 533 1255 supplicationes
548 1169 634 1253 apud
649 1170 756 1235 omnia
775 1171 965 1255 pulvinaria,
989 1177 1086 1252 utque
1101 1169 1326 1254 Quinquatrus,

142 1288 244 1369 usuras
289 1273 404 1358 quibus
426 1279 555 1356 apertae
577 1273 712 1339 insidiae
735 1281 851 1358 essent,
879 1274 963 1339 ludis
989 1274 1105 1338 annuis
1132 1274 1327 1339 celebraren-

125 1359 260 1482 „J’gssflw
286 1385 350 1462 tur3
375 1396 504 1442 aureum
526 1377 688 1443 Minervae
711 1378 914 1443 simulacrum
936 1377 1072 1443 incuria
1095 1384 1126 1442 et
1140 1377 1231 1442 iuxta
1245 1376 1328 1461 prin·

147 1496 239 1551 aaut
288 1482 366 1566 cipis
391 1482 498 1563 imago
529 1486 754 1566 statuerentur3
785 1481 853 1547 dies
880 1482 997 1547 natalis
1024 1481 1221 1565 Agrippinae
1246 1481 1328 1544 inter

139 1567 245 1690 {32³¹
288 1585 428 1652 nefastos
443 1592 535 1651 esset.
559 1585 700 1650 Thrasea
715 1585 833 1650 Paetus
855 1585 981 1650 silentio
1003 1586 1054 1649 vel
1076 1584 1167 1650 brevi
1188 1585 1329 1649 adsensu

125 1705 261 1759 evacuatae
288 1691 409 1774 priores
431 1688 629 1753 adulationes
651 1688 865 1753 transmittere
888 1689 998 1754 solitus
1020 1688 1186 1753 exiit·tum
1213 1693 1327 1753 senatu

119 1774 270 1898 „,””,{{},‘„,
288 1814 326 1858 ae
353 1792 413 1858 sibi
439 1812 568 1858 causam
599 1791 731 1876 periculi
761 1792 846 1874 fecit,
877 1792 989 1858 ceteris
1017 1792 1173 1857 libertatis
1202 1792 1327 1856 initium

288 1918 351 1963 non
380 1897 536 1981 praebuit.
574 1895 720 1981 prodigia
753 1916 876 1979 quoque
906 1896 1017 1961 crebra
1047 1901 1079 1960 et
1108 1894 1203 1960 inrita
1235 1895 1328 1960 inter-

287 2021 423 2066 cessere:
451 2019 590 2083 anguem
613 1999 708 2064 enixa
730 2000 853 2083 mulier,
877 2005 908 2064 et
931 1999 995 2064 alia
1015 2000 1049 2063 in
1072 1999 1240 2064 concubitu
1263 2018 1328 2061 ma·

286 2105 339 2170 riti
367 2104 499 2171 fulmine
530 2105 723 2189 exanimata,
755 2104 818 2169 iam
849 2103 896 2169 sol
925 2108 1055 2188 repente
1083 2103 1268 2169 obscuratus
1296 2108 1329 2167 et

286 2216 391 2275 tactae
413 2209 453 2277 de
477 2210 564 2275 eaelo
587 2208 838 2291 quattuordecim
861 2208 947 2273 urbis
970 2208 1124 2291 regiones.
1149 2227 1230 2291 quae
1245 2206 1328 2271 adeo

287 2315 357 2379 sine
380 2333 456 2378 cura
477 2312 572 2378 deum
596 2312 797 2395 eveniebant,
824 2318 859 2377 ut
881 2312 997 2376 multos
1024 2316 1096 2395 post
1122 2331 1222 2375 annos
1243 2310 1328 2374 Nero

289 2418 456 2502 imperium
481 2424 513 2482 et
534 2417 655 2481 scelera
678 2416 918 2481 continuaverit.
943 2424 1081 2480 ceterum
1105 2435 1166 2498 quo
1181 2421 1329 2498 gravaret

289 2521 443 2587 invidiam
472 2522 581 2586 matris
608 2541 709 2605 eaque
736 2518 864 2585 demota
893 2525 1021 2583 auctam
1047 2519 1211 2583 lenitatem
1238 2537 1330 2583 suam

289 2624 523 2708 testificaretur,
553 2624 689 2690 feminas
718 2626 868 2690 inlustres
896 2622 1022 2687 Iuniam
1056 2628 1087 2686 et
1115 2622 1328 2705 Calpurniam,

288 2734 437 2813 praetura
466 2726 589 2794 functos
616 2728 779 2793 Valerium
804 2727 990 2811 Capitonem
1021 2732 1053 2790 et
1083 2726 1239 2790 Licinium
1269 2723 1330 2789 Ca·

289 2833 397 2898 bolum
420 2830 549 2896 sedibus
572 2833 684 2915 patriis
700 2831 849 2915 reddidit,
873 2831 914 2896 ab
927 2830 1103 2914 Agrippina
1118 2830 1194 2894 olim
1209 2828 1327 2911 pulsos.

291 2936 387 3000 etiam
419 2934 539 2999 Lolliae
571 2935 725 3000 Paulinae
755 2937 878 3000 cineres
907 2935 1061 3018 reportari
1090 2933 1330 3016 sepulcrumque

290 3038 409 3103 exstrui
430 3039 586 3125 permisit,
610 3059 751 3122 quosque
766 3040 835 3123 ipse
851 3058 952 3121 nuper
967 3038 1172 3120 relegaverat,
1196 3036 1330 3100 Iturium

292 3148 324 3206 et
352 3141 522 3207 Caluisium
557 3162 661 3226 poena
693 3141 838 3207 exsolvit.
877 3162 951 3205 nam
986 3139 1096 3205 Silana
1122 3139 1188 3204 fato
1221 3138 1333 3203 functa

292 3251 368 3327 erat,
391 3244 563 3329 longinquo
585 3247 626 3311 ab
643 3246 737 3311 exilio
752 3247 926 3311 Tarentum
948 3263 1092 3326 regressa
1114 3242 1243 3307 labante
1265 3242 1331 3306 iam

291 3349 477 3435 Agrippina,
501 3350 589 3415 cuius
608 3350 783 3415 inimicitiis
804 3348 992 3431 conciderat,
1014 3348 1067 3413 vel
1088 3348 1242 3430 mitigata.

149 3470 247 3523 atero
398 3454 447 3519 13.
471 3455 593 3519 Tamen
616 3456 757 3519 cunctari
778 3454 812 3518 in
827 3452 952 3537 oppidis
966 3451 1170 3535 Campaniae,
1194 3470 1332 3534 quonam

132 3542 262 3662 „duglas
293 3558 386 3624 modo
421 3557 532 3623 urbem
564 3557 792 3642 ingrederetur,
827 3578 869 3620 an
899 3555 1086 3637 obsequium
1117 3562 1253 3636 senatus,
1288 3574 1332 3618 an

134 3681 171 3724 aa
184 3679 262 3723 antra
293 3662 398 3727 studia
427 3662 531 3747 plebis
553 3661 714 3746 reperiret,
743 3660 871 3725 anxius:
904 3665 1012 3724 contra
1039 3658 1223 3723 deterrimus
1250 3657 1332 3741 quis·

138 3747 258 3871 ”mm
294 3785 365 3848 que,
396 3785 529 3848 quorum
551 3786 613 3830 non
641 3766 705 3829 alia
727 3764 817 3847 regia
844 3762 1008 3829 fecundior
1034 3762 1163 3847 exstitit,
1193 3761 1332 3827 invisum

292 3868 488 3953 Agrippinae
514 3888 628 3933 nomen
652 3874 683 3934 et
705 3875 805 3934 morte
828 3867 895 3933 cius
917 3887 1085 3932 accensum
1111 3865 1219 3950 populi
1241 3865 1328 3930 favo·
