2984 4275
309 148 348 211 18
540 164 589 219 Ab
609 179 724 219 excessu
741 165 775 218 D.
788 165 915 235 Augusti
933 167 975 220 XI
994 170 1105 223 34-37.

305 337 442 403 facinus!
478 359 497 403 o
527 335 654 403 scelusl'
684 340 825 404 instabat
860 340 987 423 quidem
1021 342 1188 408 Narcissus
1222 345 1345 429 aperire

305 442 456 524 ambages
483 449 515 507 et
541 443 610 507 veri
636 443 759 527 copiam
786 444 905 527 facere;
937 444 994 509 sed
1021 465 1085 509 non
1107 446 1179 512 ideo
1202 449 1343 533 pervicit,

305 547 381 628 quin
404 566 558 630 suspensa
581 553 613 611 et
635 566 697 627 quo
720 546 909 612 ducerentur
930 547 1119 613 inclinatura
1140 552 1346 634 responderet

305 651 513 734 exemploque
541 651 608 715 eius
636 652 760 732 Largus
786 650 923 715 Caecina
945 659 1094 717 uteretur.
1133 655 1252 719 etiam
1275 664 1343 720 erat

303 753 337 818 in
359 760 488 837 aspectu
514 754 685 818 Messalina
712 754 965 841 clamitabatque,
994 756 1118 821 audiret
1137 756 1288 823 Octaviae
1312 767 1343 824 et

303 858 478 922 Britannici
501 864 643 939 matrem,
672 878 744 922 cum
766 859 948 942 obstrepere
975 868 1148 945 accusator,
1177 862 1288 927 Silium
1311 870 1343 927 et

303 962 429 1045 nuptias
455 961 610 1044 referens3
642 963 735 1027 simul
763 962 922 1028 codicillos
948 964 1116 1029 libidinum
1139 964 1261 1031 indices
1282 974 1342 1031 tra-

303 1064 391 1149 didit,
416 1067 486 1149 quis
501 1067 587 1132 visus
602 1066 746 1132 Caesaris
762 1074 927 1133 averteret.
951 1088 1010 1132 nec
1025 1070 1123 1134 multo
1144 1077 1216 1154 post
1231 1070 1342 1144 urbem

301 1169 491 1252 ingredienti
513 1169 727 1235 offerebantur
750 1190 931 1236 communes
958 1172 1059 1256 liberi,
1088 1172 1148 1237 nisi
1176 1174 1342 1238 Narcissus

302 1274 442 1337 amoveri
464 1294 517 1339 eos
539 1274 689 1339 iussisset.
723 1273 885 1339 Vibidiam
908 1275 1067 1359 depellere
1089 1277 1240 1360 nequivit,
1265 1277 1341 1359 quin

302 1377 403 1441 multa
417 1397 488 1441 cum
511 1377 632 1442 invidia
653 1376 821 1460 flagitaret,
844 1399 885 1443 ne
900 1379 1068 1443 indefensa
1083 1380 1220 1444 coniunx
1243 1380 1340 1445 exitio

200 1565 202 1568 ι
300 1480 436 1545 daretur.
460 1481 555 1564 igitur
574 1482 754 1546 auditurum
777 1483 952 1566 principem
975 1490 1007 1547 et
1028 1483 1095 1547 fore
1119 1483 1262 1548 diluendi
1283 1484 1340 1548 cri·

301 1586 393 1650 minis
420 1586 604 1650 facultatem
631 1585 808 1669 respondit:
839 1587 899 1650 iret
925 1587 1052 1650 interim
1074 1587 1163 1670 virgo
1190 1595 1222 1652 et
1249 1608 1340 1652 sacra

301 1696 486 1772 capesseret.

139 1802 267 1855 armarunt
403 1794 454 1857 35.
492 1792 605 1857 Mirum
632 1794 716 1857 inter
743 1793 823 1856 haec
852 1793 1012 1857 silentium
1039 1794 1161 1875 Claudi,
1189 1794 1337 1859 Vitellius

137 1872 268 1985 Ὗπξῗέζω
298 1897 408 1979 ignaro
430 1897 571 1980 propior:
595 1898 702 1960 omnia
725 1896 838 1960 liberto
860 1897 1081 1961 oboediebant.
1118 1898 1262 1981 patefieri
1284 1899 1336 1964 do·

174 2009 228 2054 uro
298 2022 384 2066 mum
407 2001 541 2065 adulteri
564 2008 659 2083 atque
682 2001 756 2064 illuc
787 2000 904 2064 deduci
926 2001 1148 2084 imperatorem
1170 2003 1268 2066 iubet.
1298 2022 1337 2066 ac

137 2078 265 2132 'mmm‘
297 2106 432 2191 primum
462 2106 496 2171 in
526 2105 682 2171 vestibulo
713 2104 853 2187 effigiem
886 2106 984 2189 patris
1014 2105 1084 2170 Silii
1117 2107 1258 2171 consulto
1291 2125 1338 2171 se-

297 2218 390 2276 natus
413 2211 563 2275 abolitam
591 2210 794 2290 demonstrat,
823 2215 890 2272 tum
913 2208 1067 2291 quidquid
1094 2211 1213 2273 avitum
1240 2210 1338 2275 Nero-

296 2315 389 2380 nibus
411 2322 443 2379 et
465 2315 575 2378 Drusis
598 2315 630 2378 in
654 2314 789 2396 pretium
812 2314 919 2397 probri
942 2314 1081 2378 cessisse.
1110 2313 1337 2395 incensumque

297 2426 328 2483 et
351 2417 392 2482 ad
415 2418 517 2481 minas
540 2423 759 2499 erumpentem
786 2417 899 2480 castris
921 2416 1025 2499 infert,
1052 2423 1164 2499 parata
1191 2418 1337 2481 contione

294 2523 444 2606 militum3
475 2520 561 2604 apud
584 2539 661 2602 quos
687 2526 914 2603 praemonente
936 2519 1084 2584 Narcisso
1114 2539 1216 2602 pauca
1237 2521 1337 2584 verba

296 2626 384 2690 fecit:
413 2645 488 2688 nam
511 2625 570 2688 etsi
592 2624 709 2687 iustum
733 2622 876 2686 dolorem
898 2615 999 2706 pudor
1020 2623 1224 2706 impediebat.
1265 2644 1336 2687 con-

295 2732 401 2795 tinuus
424 2728 540 2793 dehinc
562 2714 736 2791 cohortium
753 2728 871 2791 clamor
886 2728 1015 2792 nomina
1029 2747 1153 2791 reorum
1169 2735 1201 2792 et
1216 2747 1335 2811 poenas

294 2833 520 2917 flagitantium
536 2831 745 2913 admotusque
757 2829 852 2895 Silius
867 2830 1016 2894 tribunali
1031 2851 1094 2895 non
1106 2830 1334 2915 defensionem,

294 2959 358 3002 non
389 2956 492 3002 moras
522 2935 699 3018 temptavit,
734 2941 878 3017 precatus
910 2941 945 2999 ut
974 2954 1057 2998 mors
1091 2934 1334 2999 adceleraretur.

294 3041 406 3106 eadem
422 3039 599 3104 constantia
614 3045 646 3103 et
660 3038 809 3102 inlustres
829 3039 951 3120 equites
966 3038 1110 3101 Romani.
1135 3037 1248 3121 cupido
1268 3060 1332 3102 ma-

294 3145 447 3209 turandae
459 3144 544 3208 necis
567 3140 635 3226 fuit,
660 3148 691 3206 et
706 3142 824 3206 'litium
840 3142 1016 3224 Proculum,
1040 3141 1202 3205 custodem
1217 3163 1238 3205 a
1252 3142 1329 3207 Silio

289 3249 482 3325 ¹Messalinae
499 3247 609 3312 datum
625 3252 656 3310 et
672 3244 825 3309 indicium
842 3244 1036 3325 offerentem,
1060 3245 1202 3309 Vettium
1219 3246 1333 3309 Valen-

293 3361 358 3418 tem
374 3353 551 3419 ooufessum
564 3359 595 3415 et
606 3349 792 3432 Pompeium
804 3348 957 3413 Urbicum
969 3369 1006 3413 ac
1018 3347 1181 3413 Saufeium
1193 3350 1332 3432 Trogum

296 3478 336 3522 ex
353 3456 485 3521 consciis
500 3454 584 3519 tradi
598 3453 641 3517 ad
656 3453 845 3537 supplicium
860 3453 956 3516 iubet.
981 3452 1112 3516 Decrius
1128 3471 1251 3535 quoque
1266 3453 1335 3518 Cal-

293 3563 466 3645 purnianus
490 3558 622 3641 vigilum
648 3556 836 3640 praefectus,
865 3556 1021 3640 Sulpicius
1043 3556 1145 3620 Rufus
1172 3557 1238 3622 ludi
1265 3578 1333 3641 pro-

293 3672 426 3746 curator,
450 3665 566 3727 Iuncus
581 3660 783 3742 Vergilianus
803 3666 928 3724 senator
943 3659 1055 3724 eadem
1078 3680 1182 3743 poena
1204 3660 1331 3726 adfecti.

118 3787 276 3840 ancusae
397 3768 449 3832 36.
485 3765 575 3831 Solus
602 3764 742 3827 Mnester
773 3763 1003 3828 cunctationem
1030 3764 1145 3845 attulit,
1178 3765 1332 3829 dilaniata

118 3857 276 3971 Qum?
293 3880 381 3938 veste
412 3870 591 3951 clamitans,
627 3867 781 3949 aspiceret
812 3867 980 3931 verberum
1011 3874 1115 3950 notas,
1147 3869 1328 3933 reminisce-
