2984 4275
262 132 304 195 48
492 148 541 203 Ab
561 164 678 203 excessu
695 148 729 202 u.
742 148 870 217 Augusti
888 148 945 202 ΧΗ
965 151 1075 205 es-so.

261 312 263 317 ’
367 323 419 388 63.
456 324 602 404 Namque
635 322 791 387 artissimo
825 324 907 389 inter
937 324 1095 407 Europam
1127 323 1300 407 Asiamque

262 426 396 493 divortio
419 428 607 511 Byzantium
629 427 662 490 iu
686 434 828 492 extremo
850 429 995 510 Europae
1023 448 1154 512 posuere
1177 427 1300 511 Graeci,

263 532 377 614 quibus
399 531 549 614 Pythium
571 531 751 614 Apollinem
781 531 1026 613 consulentibus,
1055 532 1109 596 ubi
1132 532 1302 597 conderent

262 635 381 719 urbem,
412 634 570 699 redditum
597 634 758 700 oraculum
786 631 848 716 est,
877 642 1064 718 quaererent
1094 635 1203 699 sedem
1234 656 1301 701 oae-

262 758 368 803 oorum
390 739 479 803 terris
502 737 679 803 adversam.
704 758 742 803 ea
766 739 903 821 ambage
925 736 1129 804 Chalcedonii
1151 747 1301 804 monstra-

262 841 385 926 bantur,
410 842 493 924 quod
515 842 633 925 priores
654 842 730 906 illue
752 842 887 925 advecti,
918 842 1062 925 praevisa
1085 843 1223 908 loeorum
1245 843 1302 907 uti·

261 946 359 1028 litate,
393 946 501 1029 peiora
530 946 691 1028 legissent,
731 946 848 1030 quippe
880 946 1070 1030 Byzantium
1100 946 1197 1010 fertili
1226 948 1300 1027 solo,

261 1048 396 1113 ferundo
418 1050 507 1131 mari,
536 1050 609 1130 quia
631 1051 680 1114 vis
703 1050 836 1133 piscium
858 1050 1014 1134 inmensa,
1044 1051 1179 1114 Pontum
1203 1071 1301 1115 erum-

262 1172 341 1236 pens
364 1160 395 1217 et
418 1153 552 1232 obliquis
575 1153 682 1217 subter
704 1154 808 1218 undas
829 1154 916 1217 saxis
939 1154 1098 1236 exterrita,
1122 1155 1237 1219 omisso
1259 1156 1301 1218 al·

262 1258 358 1321 terius
386 1257 483 1321 litoris
509 1256 595 1321 flexu
622 1256 679 1321 hos
702 1256 744 1321 ad
766 1264 876 1341 portus
900 1258 1049 1323 defertur.
1088 1258 1174 1322 unde
1200 1258 1302 1342 primo

178 1423 181 1428 .
263 1361 443 1443 quaestuosi
455 1367 486 1425 et
497 1362 652 1445 opulenti3
675 1367 747 1445 post
762 1362 981 1443 magnitudine
996 1381 1127 1426 onerum
1146 1369 1301 1444 urguente

261 1466 358 1529 linem
374 1472 429 1529 aut
444 1463 573 1529 modum
588 1465 731 1548 orabant,
756 1465 919 1530 adnitente
939 1466 1090 1549 prinoipe,
1115 1465 1170 1548 qui
1184 1465 1301 1530 Thrae-

262 1569 309 1633 oio
331 1570 576 1651 Bosporanoque
591 1569 674 1634 bello
689 1588 799 1634 reeens
821 1568 921 1633 fessos
935 1568 1156 1651 iuvandosque
1171 1570 1300 1634 rettulit.

261 1674 308 1738 ita
330 1675 448 1738 tributa
468 1672 502 1736 in
526 1672 777 1755 quinquennium
798 1673 939 1737 remissa.

101 1892 232 1948 tertullae
367 1880 418 1946 64.
446 1881 487 1945 Μ.
504 1881 612 1945 Asinio
634 1881 684 1945 Μ’.
701 1880 802 1946 Asilio
825 1881 1006 1946 oonsulibus
1028 1881 1234 1946 mutationem
1256 1901 1302 1945 re·

101 1964 231 2079 Βξξζξὲζζ
262 2005 331 2049 rum
353 1985 388 2048 in
411 1985 547 2050 deterius
570 1984 716 2068 portendi
745 1984 906 2067 cognitum
931 1991 979 2050 est
1000 1984 1118 2050 erebris
1139 1984 1300 2068 prodigiis.

42 2124 51 2142 ·
95 2104 171 2158 sorra
186 2103 241 2149 ster
262 2088 354 2172 signa
380 2108 419 2153 ao
441 2088 575 2154 tentoria
602 2088 737 2153 militum
764 2089 839 2172 igne
866 2088 994 2154 oaelesti
1021 2108 1136 2154 arsere.
1174 2088 1301 2172 fastigio

105 2180 226 2297 Μζζζὴω
262 2192 408 2277 Capitolii
423 2213 557 2258 examen
572 2194 679 2277 apium
693 2193 822 2258 insedit.
838 2193 990 2278 biformes
1004 2193 1167 2258 hominum
1183 2201 1301 2277 partus,

262 2305 293 2362 et
316 2299 379 2362 suis
402 2298 468 2362 fetu
491 2297 620 2381 editum,
645 2297 695 2362 oui
717 2297 904 2381 aeeipitrum
926 2318 1050 2380 ungues
1072 2297 1221 2362 inessent.
1245 2318 1301 2362 nu-

262 2403 443 2466 merabatur
457 2402 540 2466 inter
554 2408 679 2466 ostenta
702 2400 884 2466 deminutus
900 2401 1040 2465 omnium
1059 2402 1301 2483 magistratuum

260 2524 420 2584 numerus,
450 2510 625 2586 quaestore,
654 2503 759 2593 aedili,
788 2504 914 2569 tribuno
941 2525 979 2569 ao
1006 2510 1150 2587 praetore
1177 2509 1209 2569 et
1230 2524 1301 2568 oon·

261 2609 330 2673 sule
362 2628 478 2691 paueos
508 2608 593 2671 intra
623 2627 749 2672 menses
779 2608 947 2673 defunctis.
987 2607 1043 2673 sed
1072 2608 1106 2672 in
1132 2609 1301 2691 praecipuo

260 2732 377 2795 pavore
399 2711 576 2794 Agrippina
597 2731 709 2776 votem
728 2711 861 2793 Claudii,
891 2731 986 2793 quam
1009 2713 1201 2776 temulentus
1222 2712 1302 2775 ieoe·

260 2822 318 2899 rat,
342 2815 438 2879 fatale
454 2814 523 2896 sibi,
547 2822 582 2879 ut
605 2817 775 2898 ooniugum
798 2815 919 2898 flagitia
941 2816 1045 2896 ferret,
1070 2815 1144 2880 dein
1167 2816 1300 2898 puniret,

262 2926 414 3001 metuens
438 2938 532 3001 agere
555 2927 586 2984 et
610 2921 747 2984 celerare
771 2920 888 3002 statuit,
913 2919 1036 3004 perdita
1060 2920 1145 3002 prius
1163 2919 1302 2982 Domitia

261 3024 383 3107 Lepida
406 3023 611 3088 muliebribus
635 3025 746 3110 nausis,
779 3025 853 3111 quia
876 3023 997 3107 Lepida
1019 3024 1140 3088 minore
1162 3023 1302 3087 Antonia

260 3127 379 3210 genita,
410 3128 566 3192 avunculo
588 3128 741 3210 Augusto,
770 3127 967 3212 Agrippinae
998 3128 1125 3193 sobrina
1152 3127 1237 3210 pn‘or
1264 3147 1302 3191 ao

262 3231 365 3296 Gnaei
386 3231 493 3295 mariti
515 3233 582 3296 eius
605 3252 700 3316 soror,
729 3253 839 3317 parem
862 3232 923 3297 sibi
950 3232 1170 3297 claritudinem
1197 3230 1302 3296 erede-

261 3337 324 3400 bat.
349 3356 408 3400 neo
430 3336 531 3400 forma
552 3343 640 3401 aetas
663 3356 738 3419 opes
758 3338 892 3401 multum
915 3336 1090 3420 distabant3
1115 3344 1147 3401 et
1169 3347 1303 3417 utraque

261 3440 419 3524 inpudica,
450 3440 587 3522 infamis,
620 3441 768 3525 violenta,
799 3440 885 3506 haud
916 3440 1020 3505 minus
1050 3441 1136 3505 vitiis
1165 3440 1302 3504 aemula-

261 3546 386 3626 bantur,
422 3565 516 3627 quam
546 3546 573 3609 si
603 3565 666 3628 qua
696 3566 736 3610 ex
767 3544 894 3610 fortuna
923 3565 1073 3628 prospera
1104 3552 1301 3628 aooeperant.

262 3649 422 3713 enimvero
452 3655 612 3714 eertamen
641 3650 838 3732 acerrimum,
869 3650 966 3713 amita
996 3649 1098 3733 potius
1129 3670 1170 3714 an
1201 3654 1303 3712 mater

262 3752 347 3836 apud
370 3753 528 3817 Neronem
552 3754 764 3836 praevaleret:
788 3774 863 3816 uam
879 3752 1000 3837 Lepida
1022 3752 1249 3818 blandimentis
1264 3771 1302 3815 ao

262 3857 480 3940 largitionibus
502 3857 673 3922 iuvenilem
695 3857 836 3921 animum
857 3856 1068 3941 devinciebat,
1092 3857 1170 3921 truoi
1193 3862 1302 3919 eontra
