<?xml version="1.0" encoding="UTF-8"?>
<!DOCTYPE html PUBLIC "-//W3C//DTD XHTML 1.0 Transitional//EN"
    "http://www.w3.org/TR/xhtml1/DTD/xhtml1-transitional.dtd">
<html xmlns="http://www.w3.org/1999/xhtml" xml:lang="en" lang="en">
 <head>
  <title>
</title>
<meta http-equiv="Content-Type" content="text/html;charset=utf-8" />
  <meta name='ocr-system' content='tesseract 3.04.00' />
  <meta name='ocr-capabilities' content='ocr_page ocr_carea ocr_par ocr_line ocrx_word'/>
</head>
<body>
  <div class='ocr_page' id='page_1' title='image "./dieannalendespc00chrigoog_0073.png"; bbox 0 0 2984 4275; ppageno 0'>
   <div class='ocr_carea' id='block_1_1' title="bbox 152 1229 290 1561">
    <p class='ocr_par' dir='ltr' id='par_1_1' title="bbox 160 1229 287 1344">
     <span class='ocr_line' id='line_1_1' title="bbox 160 1229 287 1283; baseline 0 -8"><span class='ocrx_word' id='word_1_1' title='bbox 160 1229 287 1283; x_wconf 68' lang='lat' dir='ltr'>botuntum</span> 
     </span>
     <span class='ocr_line' id='line_1_2' title="bbox 205 1300 242 1344; baseline -0.027 0"><span class='ocrx_word' id='word_1_2' title='bbox 205 1300 242 1344; x_wconf 80' lang='lat' dir='ltr'>tet</span> 
     </span>
    </p>

    <p class='ocr_par' dir='ltr' id='par_1_2' title="bbox 162 1368 279 1484">
     <span class='ocr_line' id='line_1_3' title="bbox 162 1368 279 1414; baseline -0.026 0"><span class='ocrx_word' id='word_1_3' title='bbox 162 1368 279 1414; x_wconf 50' lang='lat' dir='ltr'>mmmm.</span> 
     </span>
     <span class='ocr_line' id='line_1_4' title="bbox 202 1438 244 1484; baseline -0.048 0"><span class='ocrx_word' id='word_1_4' title='bbox 202 1438 244 1484; x_wconf 58' lang='lat' dir='ltr'>ab</span> 
     </span>
    </p>

    <p class='ocr_par' dir='ltr' id='par_1_3' title="bbox 152 1507 290 1561">
     <span class='ocr_line' id='line_1_5' title="bbox 152 1507 290 1561; baseline -0.029 -8"><span class='ocrx_word' id='word_1_5' title='bbox 152 1507 290 1561; x_wconf 59' lang='lat' dir='ltr'>sammaa</span> 
     </span>
    </p>
   </div>
   <div class='ocr_carea' id='block_1_2' title="bbox 190 3511 262 3556">
    <p class='ocr_par' dir='ltr' id='par_1_4' title="bbox 190 3511 262 3556">
     <span class='ocr_line' id='line_1_6' title="bbox 190 3511 262 3556; baseline 0 -1"><span class='ocrx_word' id='word_1_6' title='bbox 190 3511 262 3556; x_wconf 69' lang='lat' dir='ltr'>bna</span> 
     </span>
    </p>
   </div>
   <div class='ocr_carea' id='block_1_3' title="bbox 181 3580 330 3633">
    <p class='ocr_par' dir='ltr' id='par_1_5' title="bbox 181 3580 330 3633">
     <span class='ocr_line' id='line_1_7' title="bbox 181 3580 330 3633; baseline -0.034 -9"><span class='ocrx_word' id='word_1_7' title='bbox 181 3580 268 3633; x_wconf 62' lang='lat' dir='ltr'>numu</span> <span class='ocrx_word' id='word_1_8' title='bbox 323 3604 330 3619; x_wconf 90' lang='lat'><strong>.</strong></span> 
     </span>
    </p>
   </div>
   <div class='ocr_carea' id='block_1_4' title="bbox 159 3648 292 3772">
    <p class='ocr_par' dir='ltr' id='par_1_6' title="bbox 159 3648 292 3772">
     <span class='ocr_line' id='line_1_8' title="bbox 168 3648 287 3694; baseline 0.017 -2"><span class='ocrx_word' id='word_1_9' title='bbox 168 3648 287 3694; x_wconf 70' lang='lat' dir='ltr'>tanam</span> 
     </span>
     <span class='ocr_line' id='line_1_9' title="bbox 159 3717 292 3772; baseline 0 -9"><span class='ocrx_word' id='word_1_10' title='bbox 159 3717 292 3772; x_wconf 77' lang='grc'><strong>1111111111.</strong></span> 
     </span>
    </p>
   </div>
   <div class='ocr_carea' id='block_1_5' title="bbox 312 194 1114 278">
    <p class='ocr_par' dir='ltr' id='par_1_7' title="bbox 312 194 1114 278">
     <span class='ocr_line' id='line_1_10' title="bbox 312 194 1114 278; baseline -0.009 -13"><span class='ocrx_word' id='word_1_11' title='bbox 312 194 355 259; x_wconf 74' lang='lat'>52</span> <span class='ocrx_word' id='word_1_12' title='bbox 551 210 601 263; x_wconf 89' lang='lat' dir='ltr'>Ab</span> <span class='ocrx_word' id='word_1_13' title='bbox 620 225 737 264; x_wconf 82' lang='lat' dir='ltr'>excessu</span> <span class='ocrx_word' id='word_1_14' title='bbox 755 208 789 263; x_wconf 91' lang='lat' dir='ltr'>D.</span> <span class='ocrx_word' id='word_1_15' title='bbox 803 208 930 278; x_wconf 81' lang='lat' dir='ltr'>Augusti</span> <span class='ocrx_word' id='word_1_16' title='bbox 947 206 1019 260; x_wconf 88' lang='lat' dir='ltr'>XIII</span> <span class='ocrx_word' id='word_1_17' title='bbox 1038 209 1114 262; x_wconf 80' lang='grc'>2-6.</span> 
     </span>
    </p>
   </div>
   <div class='ocr_carea' id='block_1_6' title="bbox 314 379 1362 2441">
    <p class='ocr_par' dir='ltr' id='par_1_8' title="bbox 314 379 1357 1178">
     <span class='ocr_line' id='line_1_11' title="bbox 314 379 1356 468; baseline -0.006 -18"><span class='ocrx_word' id='word_1_18' title='bbox 314 405 376 468; x_wconf 91' lang='lat' dir='ltr'>quo</span> <span class='ocrx_word' id='word_1_19' title='bbox 398 390 525 450; x_wconf 87' lang='grc'><strong>0001010</strong></span> <span class='ocrx_word' id='word_1_20' title='bbox 540 383 690 450; x_wconf 81' lang='lat' dir='ltr'>Claudius</span> <span class='ocrx_word' id='word_1_21' title='bbox 712 382 830 468; x_wconf 89' lang='lat' dir='ltr'>nuptiis</span> <span class='ocrx_word' id='word_1_22' title='bbox 848 381 977 446; x_wconf 77' lang='lat' dir='ltr'>incestis</span> <span class='ocrx_word' id='word_1_23' title='bbox 993 387 1024 445; x_wconf 92' lang='lat' dir='ltr'>et</span> <span class='ocrx_word' id='word_1_24' title='bbox 1040 380 1209 464; x_wconf 82' lang='lat' dir='ltr'>adoptione</span> <span class='ocrx_word' id='word_1_25' title='bbox 1225 379 1356 444; x_wconf 86' lang='lat' dir='ltr'>exitiosa</span> 
     </span>
     <span class='ocr_line' id='line_1_12' title="bbox 314 484 1357 573; baseline -0.006 -18"><span class='ocrx_word' id='word_1_26' title='bbox 314 496 415 555; x_wconf 88' lang='lat' dir='ltr'>semet</span> <span class='ocrx_word' id='word_1_27' title='bbox 436 495 640 573; x_wconf 79' lang='lat' dir='ltr'>perverterat.</span> <span class='ocrx_word' id='word_1_28' title='bbox 682 488 739 553; x_wconf 90' lang='lat' dir='ltr'>sed</span> <span class='ocrx_word' id='word_1_29' title='bbox 761 506 865 568; x_wconf 90' lang='lat' dir='ltr'>neque</span> <span class='ocrx_word' id='word_1_30' title='bbox 892 486 1012 551; x_wconf 86' lang='lat' dir='ltr'>Neroni</span> <span class='ocrx_word' id='word_1_31' title='bbox 1032 485 1116 549; x_wconf 84' lang='lat' dir='ltr'>infra</span> <span class='ocrx_word' id='word_1_32' title='bbox 1142 504 1250 549; x_wconf 87' lang='lat' dir='ltr'>servos</span> <span class='ocrx_word' id='word_1_33' title='bbox 1272 484 1357 566; x_wconf 88' lang='lat' dir='ltr'>inge·</span> 
     </span>
     <span class='ocr_line' id='line_1_13' title="bbox 314 588 1357 677; baseline -0.004 -20"><span class='ocrx_word' id='word_1_34' title='bbox 314 593 411 677; x_wconf 88' lang='lat' dir='ltr'>nium,</span> <span class='ocrx_word' id='word_1_35' title='bbox 436 600 468 657; x_wconf 91' lang='lat' dir='ltr'>et</span> <span class='ocrx_word' id='word_1_36' title='bbox 490 593 596 657; x_wconf 89' lang='lat' dir='ltr'>Pallas</span> <span class='ocrx_word' id='word_1_37' title='bbox 617 591 699 656; x_wconf 92' lang='lat' dir='ltr'>tristi</span> <span class='ocrx_word' id='word_1_38' title='bbox 721 591 909 674; x_wconf 79' lang='lat' dir='ltr'>adrogantia</span> <span class='ocrx_word' id='word_1_39' title='bbox 931 589 1060 653; x_wconf 92' lang='lat' dir='ltr'>modum</span> <span class='ocrx_word' id='word_1_40' title='bbox 1083 588 1186 654; x_wconf 92' lang='lat' dir='ltr'>liberti</span> <span class='ocrx_word' id='word_1_41' title='bbox 1210 607 1357 670; x_wconf 90' lang='lat' dir='ltr'>egressus</span> 
     </span>
     <span class='ocr_line' id='line_1_14' title="bbox 315 694 1357 778; baseline -0.005 -17"><span class='ocrx_word' id='word_1_42' title='bbox 315 697 457 761; x_wconf 90' lang='lat' dir='ltr'>taedium</span> <span class='ocrx_word' id='word_1_43' title='bbox 487 697 535 760; x_wconf 89' lang='lat' dir='ltr'>sui</span> <span class='ocrx_word' id='word_1_44' title='bbox 563 701 714 761; x_wconf 82' lang='lat' dir='ltr'>moverat.</span> <span class='ocrx_word' id='word_1_45' title='bbox 755 694 921 778; x_wconf 84' lang='lat' dir='ltr'>propalam</span> <span class='ocrx_word' id='word_1_46' title='bbox 951 701 1059 759; x_wconf 90' lang='lat' dir='ltr'>tamen</span> <span class='ocrx_word' id='word_1_47' title='bbox 1089 712 1199 757; x_wconf 91' lang='lat' dir='ltr'>omnes</span> <span class='ocrx_word' id='word_1_48' title='bbox 1225 694 1258 756; x_wconf 90' lang='lat' dir='ltr'>in</span> <span class='ocrx_word' id='word_1_49' title='bbox 1286 713 1357 757; x_wconf 91' lang='grc'><strong>0010</strong></span> 
     </span>
     <span class='ocr_line' id='line_1_15' title="bbox 315 796 1357 883; baseline -0.005 -18"><span class='ocrx_word' id='word_1_50' title='bbox 315 800 450 866; x_wconf 87' lang='lat' dir='ltr'>honores</span> <span class='ocrx_word' id='word_1_51' title='bbox 473 801 728 883; x_wconf 89' lang='lat' dir='ltr'>cumulabantur,</span> <span class='ocrx_word' id='word_1_52' title='bbox 758 799 947 881; x_wconf 83' lang='lat' dir='ltr'>signumque</span> <span class='ocrx_word' id='word_1_53' title='bbox 969 817 1055 862; x_wconf 91' lang='lat' dir='ltr'>more</span> <span class='ocrx_word' id='word_1_54' title='bbox 1082 796 1213 861; x_wconf 89' lang='lat' dir='ltr'>militiae</span> <span class='ocrx_word' id='word_1_55' title='bbox 1236 796 1357 880; x_wconf 90' lang='lat' dir='ltr'>petenti</span> 
     </span>
     <span class='ocr_line' id='line_1_16' title="bbox 316 900 1357 988; baseline -0.005 -19"><span class='ocrx_word' id='word_1_56' title='bbox 316 905 443 969; x_wconf 92' lang='lat' dir='ltr'>tribuno</span> <span class='ocrx_word' id='word_1_57' title='bbox 473 904 562 969; x_wconf 90' lang='lat' dir='ltr'>dedit</span> <span class='ocrx_word' id='word_1_58' title='bbox 584 902 730 988; x_wconf 88' lang='lat' dir='ltr'>Optimae</span> <span class='ocrx_word' id='word_1_59' title='bbox 753 903 870 967; x_wconf 89' lang='lat' dir='ltr'>Matris.</span> <span class='ocrx_word' id='word_1_60' title='bbox 903 901 1023 967; x_wconf 83' lang='lat' dir='ltr'>decreti</span> <span class='ocrx_word' id='word_1_61' title='bbox 1049 908 1080 965; x_wconf 91' lang='lat' dir='ltr'>et</span> <span class='ocrx_word' id='word_1_62' title='bbox 1106 922 1126 965; x_wconf 92' lang='lat' dir='ltr'>a</span> <span class='ocrx_word' id='word_1_63' title='bbox 1154 907 1268 965; x_wconf 88' lang='lat' dir='ltr'>senatu</span> <span class='ocrx_word' id='word_1_64' title='bbox 1295 900 1357 965; x_wconf 93' lang='lat' dir='ltr'>duo</span> 
     </span>
     <span class='ocr_line' id='line_1_17' title="bbox 316 1004 1357 1091; baseline -0.003 -19"><span class='ocrx_word' id='word_1_65' title='bbox 316 1009 449 1091; x_wconf 81' lang='lat' dir='ltr'>lictores,</span> <span class='ocrx_word' id='word_1_66' title='bbox 480 1007 664 1073; x_wconf 90' lang='lat' dir='ltr'>flamonium</span> <span class='ocrx_word' id='word_1_67' title='bbox 694 1007 866 1088; x_wconf 79' lang='lat' dir='ltr'>Claudiale,</span> <span class='ocrx_word' id='word_1_68' title='bbox 897 1006 990 1070; x_wconf 89' lang='lat' dir='ltr'>simul</span> <span class='ocrx_word' id='word_1_69' title='bbox 1019 1004 1150 1070; x_wconf 81' lang='lat' dir='ltr'>Claudio</span> <span class='ocrx_word' id='word_1_70' title='bbox 1180 1005 1357 1071; x_wconf 87' lang='lat' dir='ltr'>censorium</span> 
     </span>
     <span class='ocr_line' id='line_1_18' title="bbox 317 1112 789 1178; baseline 0.002 -2"><span class='ocrx_word' id='word_1_71' title='bbox 317 1113 412 1178; x_wconf 87' lang='lat' dir='ltr'>funus</span> <span class='ocrx_word' id='word_1_72' title='bbox 435 1119 466 1176; x_wconf 91' lang='lat' dir='ltr'>et</span> <span class='ocrx_word' id='word_1_73' title='bbox 490 1133 563 1177; x_wconf 86' lang='lat' dir='ltr'>mox</span> <span class='ocrx_word' id='word_1_74' title='bbox 587 1112 789 1177; x_wconf 88' lang='lat' dir='ltr'>consecratio.</span> 
     </span>
    </p>

    <p class='ocr_par' dir='ltr' id='par_1_9' title="bbox 316 1213 1362 2441">
     <span class='ocr_line' id='line_1_19' title="bbox 422 1213 1359 1297; baseline -0.003 -17"><span class='ocrx_word' id='word_1_75' title='bbox 422 1217 452 1280; x_wconf 82' lang='lat'>3.</span> <span class='ocrx_word' id='word_1_76' title='bbox 487 1216 546 1280; x_wconf 91' lang='lat' dir='ltr'>Die</span> <span class='ocrx_word' id='word_1_77' title='bbox 573 1214 693 1280; x_wconf 86' lang='lat' dir='ltr'>funeris</span> <span class='ocrx_word' id='word_1_78' title='bbox 719 1214 935 1278; x_wconf 87' lang='lat' dir='ltr'>laudationem</span> <span class='ocrx_word' id='word_1_79' title='bbox 962 1214 1028 1279; x_wconf 89' lang='lat' dir='ltr'>eius</span> <span class='ocrx_word' id='word_1_80' title='bbox 1056 1213 1202 1297; x_wconf 89' lang='lat' dir='ltr'>princeps</span> <span class='ocrx_word' id='word_1_81' title='bbox 1229 1232 1359 1277; x_wconf 86' lang='lat' dir='ltr'>exorsus</span> 
     </span>
     <span class='ocr_line' id='line_1_20' title="bbox 318 1318 1360 1404; baseline -0.001 -20"><span class='ocrx_word' id='word_1_82' title='bbox 318 1327 374 1404; x_wconf 89' lang='lat' dir='ltr'>est,</span> <span class='ocrx_word' id='word_1_83' title='bbox 403 1319 478 1383; x_wconf 93' lang='lat' dir='ltr'>dum</span> <span class='ocrx_word' id='word_1_84' title='bbox 501 1319 723 1400; x_wconf 86' lang='lat' dir='ltr'>antiquitatem</span> <span class='ocrx_word' id='word_1_85' title='bbox 751 1319 884 1400; x_wconf 85' lang='lat' dir='ltr'>generis,</span> <span class='ocrx_word' id='word_1_86' title='bbox 914 1319 1095 1383; x_wconf 87' lang='lat' dir='ltr'>consulatus</span> <span class='ocrx_word' id='word_1_87' title='bbox 1121 1338 1160 1382; x_wconf 89' lang='lat' dir='ltr'>ac</span> <span class='ocrx_word' id='word_1_88' title='bbox 1183 1318 1360 1401; x_wconf 85' lang='lat' dir='ltr'>triumphos</span> 
     </span>
     <span class='ocr_line' id='line_1_21' title="bbox 318 1421 1358 1505; baseline -0.004 -17"><span class='ocrx_word' id='word_1_89' title='bbox 318 1424 471 1489; x_wconf 89' lang='lat' dir='ltr'>maiorum</span> <span class='ocrx_word' id='word_1_90' title='bbox 495 1424 711 1504; x_wconf 78' lang='lat' dir='ltr'>enumerabat,</span> <span class='ocrx_word' id='word_1_91' title='bbox 735 1422 876 1487; x_wconf 89' lang='lat' dir='ltr'>intentus</span> <span class='ocrx_word' id='word_1_92' title='bbox 898 1422 966 1505; x_wconf 87' lang='lat' dir='ltr'>ipse</span> <span class='ocrx_word' id='word_1_93' title='bbox 989 1428 1021 1486; x_wconf 91' lang='lat' dir='ltr'>et</span> <span class='ocrx_word' id='word_1_94' title='bbox 1043 1422 1151 1505; x_wconf 85' lang='lat' dir='ltr'>ceteri;</span> <span class='ocrx_word' id='word_1_95' title='bbox 1179 1421 1358 1488; x_wconf 92' lang='lat' dir='ltr'>liberalium</span> 
     </span>
     <span class='ocr_line' id='line_1_22' title="bbox 317 1525 1358 1610; baseline -0.003 -17"><span class='ocrx_word' id='word_1_96' title='bbox 317 1547 442 1610; x_wconf 89' lang='lat' dir='ltr'>quoque</span> <span class='ocrx_word' id='word_1_97' title='bbox 465 1527 580 1591; x_wconf 90' lang='grc'><strong>0111010</strong></span> <span class='ocrx_word' id='word_1_98' title='bbox 604 1526 862 1592; x_wconf 89' lang='lat' dir='ltr'>commemoratio</span> <span class='ocrx_word' id='word_1_99' title='bbox 890 1525 1022 1590; x_wconf 88' lang='grc'><strong>01011111</strong></span> <span class='ocrx_word' id='word_1_100' title='bbox 1048 1534 1178 1608; x_wconf 88' lang='lat' dir='ltr'>regente</span> <span class='ocrx_word' id='word_1_101' title='bbox 1205 1545 1243 1591; x_wconf 92' lang='grc'>00</span> <span class='ocrx_word' id='word_1_102' title='bbox 1271 1526 1358 1590; x_wconf 88' lang='grc'><strong>111010</strong></span> 
     </span>
     <span class='ocr_line' id='line_1_23' title="bbox 316 1629 1357 1716; baseline -0.005 -20"><span class='ocrx_word' id='word_1_103' title='bbox 316 1633 362 1697; x_wconf 91' lang='grc'>101</span> <span class='ocrx_word' id='word_1_104' title='bbox 384 1632 532 1716; x_wconf 89' lang='lat' dir='ltr'>publicae</span> <span class='ocrx_word' id='word_1_105' title='bbox 555 1630 596 1695; x_wconf 90' lang='lat' dir='ltr'>ab</span> <span class='ocrx_word' id='word_1_106' title='bbox 620 1630 759 1695; x_wconf 84' lang='lat' dir='ltr'>externis</span> <span class='ocrx_word' id='word_1_107' title='bbox 781 1629 935 1695; x_wconf 87' lang='lat' dir='ltr'>accidisse</span> <span class='ocrx_word' id='word_1_108' title='bbox 963 1630 1070 1714; x_wconf 89' lang='lat' dir='ltr'>pronis</span> <span class='ocrx_word' id='word_1_109' title='bbox 1092 1630 1206 1695; x_wconf 88' lang='lat' dir='ltr'>animis</span> <span class='ocrx_word' id='word_1_110' title='bbox 1234 1631 1357 1696; x_wconf 89' lang='lat' dir='ltr'>audita:</span> 
     </span>
     <span class='ocr_line' id='line_1_24' title="bbox 317 1733 1360 1821; baseline -0.003 -20"><span class='ocrx_word' id='word_1_111' title='bbox 317 1743 483 1821; x_wconf 88' lang='lat' dir='ltr'>postquam</span> <span class='ocrx_word' id='word_1_112' title='bbox 515 1735 557 1800; x_wconf 89' lang='lat' dir='ltr'>ad</span> <span class='ocrx_word' id='word_1_113' title='bbox 588 1734 823 1818; x_wconf 89' lang='lat' dir='ltr'>providentiam</span> <span class='ocrx_word' id='word_1_114' title='bbox 854 1734 1106 1818; x_wconf 89' lang='lat' dir='ltr'>sapientiamque</span> <span class='ocrx_word' id='word_1_115' title='bbox 1135 1733 1231 1818; x_wconf 82' lang='lat' dir='ltr'>flexit,</span> <span class='ocrx_word' id='word_1_116' title='bbox 1266 1754 1360 1800; x_wconf 91' lang='lat' dir='ltr'>nemo</span> 
     </span>
     <span class='ocr_line' id='line_1_25' title="bbox 317 1837 1361 1923; baseline -0.001 -20"><span class='ocrx_word' id='word_1_117' title='bbox 317 1840 393 1904; x_wconf 88' lang='lat' dir='ltr'>risui</span> <span class='ocrx_word' id='word_1_118' title='bbox 421 1846 608 1923; x_wconf 88' lang='lat' dir='ltr'>temperare,</span> <span class='ocrx_word' id='word_1_119' title='bbox 640 1857 834 1919; x_wconf 87' lang='lat' dir='ltr'>quamquam</span> <span class='ocrx_word' id='word_1_120' title='bbox 861 1838 961 1903; x_wconf 89' lang='lat' dir='ltr'>oratio</span> <span class='ocrx_word' id='word_1_121' title='bbox 988 1859 1008 1902; x_wconf 92' lang='lat' dir='ltr'>a</span> <span class='ocrx_word' id='word_1_122' title='bbox 1035 1837 1159 1903; x_wconf 86' lang='lat' dir='ltr'>Seneca</span> <span class='ocrx_word' id='word_1_123' title='bbox 1188 1840 1361 1922; x_wconf 85' lang='lat' dir='ltr'>composita</span> 
     </span>
     <span class='ocr_line' id='line_1_26' title="bbox 318 1942 1361 2026; baseline 0 -18"><span class='ocrx_word' id='word_1_124' title='bbox 318 1944 453 2008; x_wconf 90' lang='lat' dir='ltr'>multum</span> <span class='ocrx_word' id='word_1_125' title='bbox 476 1944 578 2008; x_wconf 92' lang='lat' dir='ltr'>cultus</span> <span class='ocrx_word' id='word_1_126' title='bbox 600 1942 783 2026; x_wconf 84' lang='lat' dir='ltr'>praeferret,</span> <span class='ocrx_word' id='word_1_127' title='bbox 808 1949 842 2005; x_wconf 94' lang='lat' dir='ltr'>ut</span> <span class='ocrx_word' id='word_1_128' title='bbox 859 1942 980 2006; x_wconf 81' lang='grc'><strong>10111111</strong></span> <span class='ocrx_word' id='word_1_129' title='bbox 996 1943 1063 2006; x_wconf 84' lang='lat' dir='ltr'>viro</span> <span class='ocrx_word' id='word_1_130' title='bbox 1079 1942 1241 2025; x_wconf 85' lang='lat' dir='ltr'>ingenium</span> <span class='ocrx_word' id='word_1_131' title='bbox 1256 1964 1361 2009; x_wconf 89' lang='lat' dir='ltr'>amoc·</span> 
     </span>
     <span class='ocr_line' id='line_1_27' title="bbox 319 2036 1362 2130; baseline 0 -20"><span class='ocrx_word' id='word_1_132' title='bbox 319 2067 396 2111; x_wconf 88' lang='lat' dir='ltr'>num</span> <span class='ocrx_word' id='word_1_133' title='bbox 411 2036 443 2112; x_wconf 89' lang='lat' dir='ltr'>et</span> <span class='ocrx_word' id='word_1_134' title='bbox 458 2046 608 2130; x_wconf 90' lang='lat' dir='ltr'>temporis</span> <span class='ocrx_word' id='word_1_135' title='bbox 624 2046 691 2110; x_wconf 90' lang='lat' dir='ltr'>eius</span> <span class='ocrx_word' id='word_1_136' title='bbox 709 2045 838 2110; x_wconf 87' lang='lat' dir='ltr'>auribus</span> <span class='ocrx_word' id='word_1_137' title='bbox 853 2045 1141 2111; x_wconf 81' lang='lat' dir='ltr'>adcommodatum.</span> <span class='ocrx_word' id='word_1_138' title='bbox 1164 2046 1362 2113; x_wconf 87' lang='lat' dir='ltr'>adnotabant</span> 
     </span>
     <span class='ocr_line' id='line_1_28' title="bbox 318 2151 1361 2235; baseline 0 -18"><span class='ocrx_word' id='word_1_139' title='bbox 318 2153 468 2235; x_wconf 89' lang='lat' dir='ltr'>seniores,</span> <span class='ocrx_word' id='word_1_140' title='bbox 493 2152 607 2233; x_wconf 85' lang='lat' dir='ltr'>quibus</span> <span class='ocrx_word' id='word_1_141' title='bbox 629 2151 763 2216; x_wconf 91' lang='lat' dir='ltr'>otiosum</span> <span class='ocrx_word' id='word_1_142' title='bbox 787 2158 835 2216; x_wconf 90' lang='lat' dir='ltr'>est</span> <span class='ocrx_word' id='word_1_143' title='bbox 849 2158 958 2216; x_wconf 83' lang='lat' dir='ltr'>vetera</span> <span class='ocrx_word' id='word_1_144' title='bbox 980 2158 1012 2216; x_wconf 90' lang='grc'>01</span> <span class='ocrx_word' id='word_1_145' title='bbox 1033 2152 1213 2235; x_wconf 87' lang='lat' dir='ltr'>praesentia</span> <span class='ocrx_word' id='word_1_146' title='bbox 1235 2159 1361 2218; x_wconf 91' lang='lat' dir='ltr'>conten-</span> 
     </span>
     <span class='ocr_line' id='line_1_29' title="bbox 319 2255 1362 2340; baseline 0.001 -20"><span class='ocrx_word' id='word_1_147' title='bbox 319 2256 403 2340; x_wconf 92' lang='lat' dir='ltr'>dere,</span> <span class='ocrx_word' id='word_1_148' title='bbox 431 2256 568 2340; x_wconf 90' lang='lat' dir='ltr'>primum</span> <span class='ocrx_word' id='word_1_149' title='bbox 596 2256 705 2339; x_wconf 83' lang='lat' dir='ltr'>exiis,</span> <span class='ocrx_word' id='word_1_150' title='bbox 734 2255 789 2337; x_wconf 90' lang='lat' dir='ltr'>qui</span> <span class='ocrx_word' id='word_1_151' title='bbox 816 2275 921 2319; x_wconf 91' lang='lat' dir='ltr'>rerum</span> <span class='ocrx_word' id='word_1_152' title='bbox 947 2255 1036 2339; x_wconf 92' lang='lat' dir='ltr'>potiti</span> <span class='ocrx_word' id='word_1_153' title='bbox 1059 2263 1172 2336; x_wconf 88' lang='lat' dir='ltr'>essent,</span> <span class='ocrx_word' id='word_1_154' title='bbox 1201 2256 1362 2321; x_wconf 88' lang='lat' dir='ltr'>Neronem</span> 
     </span>
     <span class='ocr_line' id='line_1_30' title="bbox 318 2358 1362 2441; baseline 0.001 -17"><span class='ocrx_word' id='word_1_155' title='bbox 318 2361 448 2425; x_wconf 81' lang='lat' dir='ltr'>alienae·</span> <span class='ocrx_word' id='word_1_156' title='bbox 465 2358 635 2423; x_wconf 89' lang='lat' dir='ltr'>facundiae</span> <span class='ocrx_word' id='word_1_157' title='bbox 661 2358 795 2441; x_wconf 89' lang='lat' dir='ltr'>eguisse.</span> <span class='ocrx_word' id='word_1_158' title='bbox 833 2379 910 2424; x_wconf 90' lang='grc'><strong>0001</strong></span> <span class='ocrx_word' id='word_1_159' title='bbox 937 2359 1070 2423; x_wconf 90' lang='lat' dir='ltr'>dictator</span> <span class='ocrx_word' id='word_1_160' title='bbox 1091 2358 1209 2424; x_wconf 79' lang='lat' dir='ltr'>Caesar</span> <span class='ocrx_word' id='word_1_161' title='bbox 1230 2361 1362 2426; x_wconf 89' lang='lat' dir='ltr'>summis</span> 
     </span>
    </p>
   </div>
   <div class='ocr_carea' id='block_1_7' title="bbox 318 2462 1469 2547">
    <p class='ocr_par' dir='ltr' id='par_1_10' title="bbox 318 2462 1469 2547">
     <span class='ocr_line' id='line_1_31' title="bbox 318 2462 1469 2547; baseline 0.001 -19"><span class='ocrx_word' id='word_1_162' title='bbox 318 2464 493 2528; x_wconf 89' lang='lat' dir='ltr'>oratoribus</span> <span class='ocrx_word' id='word_1_163' title='bbox 524 2463 681 2547; x_wconf 87' lang='lat' dir='ltr'>aemulus;</span> <span class='ocrx_word' id='word_1_164' title='bbox 717 2469 750 2526; x_wconf 90' lang='lat' dir='ltr'>et</span> <span class='ocrx_word' id='word_1_165' title='bbox 779 2462 923 2545; x_wconf 89' lang='lat' dir='ltr'>Augusto</span> <span class='ocrx_word' id='word_1_166' title='bbox 955 2470 1102 2547; x_wconf 88' lang='lat' dir='ltr'>prompta</span> <span class='ocrx_word' id='word_1_167' title='bbox 1135 2484 1173 2528; x_wconf 93' lang='lat' dir='ltr'>ac</span> <span class='ocrx_word' id='word_1_168' title='bbox 1203 2463 1362 2547; x_wconf 90' lang='lat' dir='ltr'>profluens</span> <span class='ocrx_word' id='word_1_169' title='bbox 1463 2490 1469 2509; x_wconf 73' lang='lat'><strong><em>¹</em></strong></span> 
     </span>
    </p>
   </div>
   <div class='ocr_carea' id='block_1_8' title="bbox 319 2566 1363 4000">
    <p class='ocr_par' dir='ltr' id='par_1_11' title="bbox 319 2566 1362 3461">
     <span class='ocr_line' id='line_1_32' title="bbox 319 2566 1360 2650; baseline 0.002 -19"><span class='ocrx_word' id='word_1_170' title='bbox 319 2587 464 2648; x_wconf 89' lang='lat' dir='ltr'>quaeque</span> <span class='ocrx_word' id='word_1_171' title='bbox 480 2566 607 2631; x_wconf 87' lang='lat' dir='ltr'>deceret</span> <span class='ocrx_word' id='word_1_172' title='bbox 622 2566 796 2650; x_wconf 88' lang='lat' dir='ltr'>principem</span> <span class='ocrx_word' id='word_1_173' title='bbox 812 2567 993 2647; x_wconf 89' lang='lat' dir='ltr'>eloquentia</span> <span class='ocrx_word' id='word_1_174' title='bbox 1009 2567 1077 2632; x_wconf 85' lang='lat' dir='ltr'>fuit.</span> <span class='ocrx_word' id='word_1_175' title='bbox 1098 2567 1243 2633; x_wconf 72' lang='lat' dir='ltr'>liberius</span> <span class='ocrx_word' id='word_1_176' title='bbox 1258 2577 1360 2633; x_wconf 91' lang='lat' dir='ltr'>artem</span> 
     </span>
     <span class='ocr_line' id='line_1_33' title="bbox 319 2668 1360 2753; baseline 0.003 -19"><span class='ocrx_word' id='word_1_177' title='bbox 319 2688 443 2751; x_wconf 90' lang='lat' dir='ltr'>quoque</span> <span class='ocrx_word' id='word_1_178' title='bbox 467 2668 616 2751; x_wconf 88' lang='lat' dir='ltr'>callebat,</span> <span class='ocrx_word' id='word_1_179' title='bbox 640 2689 704 2750; x_wconf 90' lang='lat' dir='ltr'>qua</span> <span class='ocrx_word' id='word_1_180' title='bbox 719 2670 818 2734; x_wconf 85' lang='lat' dir='ltr'>verba</span> <span class='ocrx_word' id='word_1_181' title='bbox 841 2670 1045 2753; x_wconf 84' lang='lat' dir='ltr'>expenderet,</span> <span class='ocrx_word' id='word_1_182' title='bbox 1069 2678 1137 2735; x_wconf 90' lang='lat' dir='ltr'>tum</span> <span class='ocrx_word' id='word_1_183' title='bbox 1153 2672 1277 2736; x_wconf 88' lang='lat' dir='ltr'>validus</span> <span class='ocrx_word' id='word_1_184' title='bbox 1292 2693 1360 2737; x_wconf 90' lang='lat' dir='ltr'>sen-</span> 
     </span>
     <span class='ocr_line' id='line_1_34' title="bbox 319 2773 1361 2856; baseline 0.002 -18"><span class='ocrx_word' id='word_1_185' title='bbox 319 2774 406 2839; x_wconf 87' lang='lat' dir='ltr'>sibus</span> <span class='ocrx_word' id='word_1_186' title='bbox 428 2780 484 2836; x_wconf 90' lang='lat' dir='ltr'>aut</span> <span class='ocrx_word' id='word_1_187' title='bbox 507 2773 649 2837; x_wconf 89' lang='lat' dir='ltr'>consulto</span> <span class='ocrx_word' id='word_1_188' title='bbox 672 2773 850 2856; x_wconf 89' lang='lat' dir='ltr'>ambiguus.</span> <span class='ocrx_word' id='word_1_189' title='bbox 874 2774 972 2838; x_wconf 91' lang='lat' dir='ltr'>etiam</span> <span class='ocrx_word' id='word_1_190' title='bbox 992 2775 1053 2840; x_wconf 81' lang='lat' dir='ltr'>Gai</span> <span class='ocrx_word' id='word_1_191' title='bbox 1069 2774 1212 2840; x_wconf 72' lang='lat' dir='ltr'>Caesaris</span> <span class='ocrx_word' id='word_1_192' title='bbox 1234 2777 1361 2841; x_wconf 88' lang='lat' dir='ltr'>turbata</span> 
     </span>
     <span class='ocr_line' id='line_1_35' title="bbox 320 2876 1361 2962; baseline 0.004 -21"><span class='ocrx_word' id='word_1_193' title='bbox 320 2897 410 2942; x_wconf 90' lang='lat' dir='ltr'>mens</span> <span class='ocrx_word' id='word_1_194' title='bbox 424 2878 491 2942; x_wconf 84' lang='lat' dir='ltr'>vim</span> <span class='ocrx_word' id='word_1_195' title='bbox 513 2876 638 2941; x_wconf 89' lang='lat' dir='ltr'>dicendi</span> <span class='ocrx_word' id='word_1_196' title='bbox 663 2897 726 2942; x_wconf 92' lang='grc'>000</span> <span class='ocrx_word' id='word_1_197' title='bbox 750 2879 895 2961; x_wconf 85' lang='lat' dir='ltr'>corrupit.</span> <span class='ocrx_word' id='word_1_198' title='bbox 920 2899 979 2942; x_wconf 90' lang='lat' dir='ltr'>nec</span> <span class='ocrx_word' id='word_1_199' title='bbox 1000 2879 1035 2942; x_wconf 91' lang='grc'>10</span> <span class='ocrx_word' id='word_1_200' title='bbox 1049 2879 1191 2962; x_wconf 80' lang='lat' dir='ltr'>Claudio,</span> <span class='ocrx_word' id='word_1_201' title='bbox 1215 2881 1361 2962; x_wconf 89' lang='lat' dir='ltr'>quotiens</span> 
     </span>
     <span class='ocr_line' id='line_1_36' title="bbox 320 2980 1361 3069; baseline 0.003 -24"><span class='ocrx_word' id='word_1_202' title='bbox 320 2981 473 3045; x_wconf 90' lang='lat' dir='ltr'>meditata</span> <span class='ocrx_word' id='word_1_203' title='bbox 496 2980 673 3062; x_wconf 88' lang='lat' dir='ltr'>dissereret,</span> <span class='ocrx_word' id='word_1_204' title='bbox 699 2982 892 3064; x_wconf 82' lang='lat' dir='ltr'>elegantiam</span> <span class='ocrx_word' id='word_1_205' title='bbox 914 2983 1098 3063; x_wconf 90' lang='lat' dir='ltr'>requireres.</span> <span class='ocrx_word' id='word_1_206' title='bbox 1129 2985 1214 3048; x_wconf 88' lang='lat' dir='ltr'>Nero</span> <span class='ocrx_word' id='word_1_207' title='bbox 1238 2985 1361 3069; x_wconf 88' lang='lat' dir='ltr'>puerili·</span> 
     </span>
     <span class='ocr_line' id='line_1_37' title="bbox 320 3084 1361 3153; baseline 0.003 -3"><span class='ocrx_word' id='word_1_208' title='bbox 320 3086 379 3150; x_wconf 91' lang='lat' dir='ltr'>bus</span> <span class='ocrx_word' id='word_1_209' title='bbox 402 3084 507 3149; x_wconf 88' lang='lat' dir='ltr'>statim</span> <span class='ocrx_word' id='word_1_210' title='bbox 530 3085 624 3149; x_wconf 89' lang='lat' dir='ltr'>annis</span> <span class='ocrx_word' id='word_1_211' title='bbox 646 3084 789 3149; x_wconf 85' lang='lat' dir='ltr'>vividum</span> <span class='ocrx_word' id='word_1_212' title='bbox 811 3086 954 3150; x_wconf 91' lang='lat' dir='ltr'>animum</span> <span class='ocrx_word' id='word_1_213' title='bbox 980 3087 1013 3150; x_wconf 92' lang='grc'>10</span> <span class='ocrx_word' id='word_1_214' title='bbox 1036 3088 1099 3152; x_wconf 88' lang='grc'><strong>0110</strong></span> <span class='ocrx_word' id='word_1_215' title='bbox 1123 3088 1264 3153; x_wconf 88' lang='lat' dir='ltr'>detorsit:</span> <span class='ocrx_word' id='word_1_216' title='bbox 1293 3108 1361 3153; x_wconf 91' lang='lat' dir='ltr'>cae-</span> 
     </span>
     <span class='ocr_line' id='line_1_38' title="bbox 320 3188 1362 3277; baseline 0.005 -25"><span class='ocrx_word' id='word_1_217' title='bbox 320 3189 396 3272; x_wconf 83' lang='lat' dir='ltr'>lare,</span> <span class='ocrx_word' id='word_1_218' title='bbox 421 3188 562 3273; x_wconf 88' lang='lat' dir='ltr'>pingere,</span> <span class='ocrx_word' id='word_1_219' title='bbox 587 3195 700 3277; x_wconf 88' lang='lat' dir='ltr'>cantus</span> <span class='ocrx_word' id='word_1_220' title='bbox 722 3196 778 3253; x_wconf 91' lang='lat' dir='ltr'>aut</span> <span class='ocrx_word' id='word_1_221' title='bbox 801 3190 943 3272; x_wconf 87' lang='lat' dir='ltr'>regimen</span> <span class='ocrx_word' id='word_1_222' title='bbox 966 3209 1117 3272; x_wconf 88' lang='lat' dir='ltr'>equorum</span> <span class='ocrx_word' id='word_1_223' title='bbox 1140 3212 1301 3276; x_wconf 76' lang='lat' dir='ltr'>exercere3</span> <span class='ocrx_word' id='word_1_224' title='bbox 1331 3200 1362 3257; x_wconf 91' lang='lat' dir='ltr'>et</span> 
     </span>
     <span class='ocr_line' id='line_1_39' title="bbox 321 3290 1362 3376; baseline 0.003 -20"><span class='ocrx_word' id='word_1_225' title='bbox 321 3290 493 3372; x_wconf 88' lang='lat' dir='ltr'>aliquando</span> <span class='ocrx_word' id='word_1_226' title='bbox 527 3292 720 3356; x_wconf 87' lang='lat' dir='ltr'>carminibus</span> <span class='ocrx_word' id='word_1_227' title='bbox 753 3293 931 3376; x_wconf 89' lang='lat' dir='ltr'>pangendis</span> <span class='ocrx_word' id='word_1_228' title='bbox 969 3294 1071 3360; x_wconf 90' lang='lat' dir='ltr'>inesse</span> <span class='ocrx_word' id='word_1_229' title='bbox 1109 3296 1170 3359; x_wconf 92' lang='lat' dir='ltr'>sibi</span> <span class='ocrx_word' id='word_1_230' title='bbox 1203 3296 1362 3360; x_wconf 90' lang='lat' dir='ltr'>elementa</span> 
     </span>
     <span class='ocr_line' id='line_1_40' title="bbox 320 3394 704 3461; baseline 0.003 -2"><span class='ocrx_word' id='word_1_231' title='bbox 320 3394 483 3460; x_wconf 88' lang='lat' dir='ltr'>doctrinae</span> <span class='ocrx_word' id='word_1_232' title='bbox 506 3395 704 3461; x_wconf 91' lang='lat' dir='ltr'>ostendebat.</span> 
     </span>
    </p>

    <p class='ocr_par' dir='ltr' id='par_1_12' title="bbox 321 3499 1363 4000">
     <span class='ocr_line' id='line_1_41' title="bbox 425 3499 1362 3584; baseline 0.006 -22"><span class='ocrx_word' id='word_1_233' title='bbox 425 3499 455 3565; x_wconf 82' lang='lat'>4.</span> <span class='ocrx_word' id='word_1_234' title='bbox 490 3499 637 3565; x_wconf 83' lang='lat' dir='ltr'>Ceterum</span> <span class='ocrx_word' id='word_1_235' title='bbox 668 3501 805 3584; x_wconf 89' lang='lat' dir='ltr'>peractis</span> <span class='ocrx_word' id='word_1_236' title='bbox 835 3501 980 3566; x_wconf 88' lang='lat' dir='ltr'>tristitiae</span> <span class='ocrx_word' id='word_1_237' title='bbox 1010 3503 1212 3568; x_wconf 83' lang='lat' dir='ltr'>imitamentIs</span> <span class='ocrx_word' id='word_1_238' title='bbox 1242 3505 1362 3568; x_wconf 90' lang='lat' dir='ltr'>curiam</span> 
     </span>
     <span class='ocr_line' id='line_1_42' title="bbox 321 3604 1362 3688; baseline 0.004 -20"><span class='ocrx_word' id='word_1_239' title='bbox 321 3623 483 3688; x_wconf 77' lang='lat' dir='ltr'>ingressus</span> <span class='ocrx_word' id='word_1_240' title='bbox 511 3611 542 3669; x_wconf 90' lang='grc'>01</span> <span class='ocrx_word' id='word_1_241' title='bbox 566 3604 606 3668; x_wconf 90' lang='lat' dir='ltr'>de</span> <span class='ocrx_word' id='word_1_242' title='bbox 628 3605 817 3670; x_wconf 90' lang='lat' dir='ltr'>auctoritate</span> <span class='ocrx_word' id='word_1_243' title='bbox 840 3612 965 3688; x_wconf 87' lang='lat' dir='ltr'>patrum</span> <span class='ocrx_word' id='word_1_244' title='bbox 993 3616 1025 3671; x_wconf 92' lang='lat' dir='ltr'>et</span> <span class='ocrx_word' id='word_1_245' title='bbox 1048 3627 1203 3672; x_wconf 89' lang='lat' dir='ltr'>consensu</span> <span class='ocrx_word' id='word_1_246' title='bbox 1226 3608 1362 3672; x_wconf 89' lang='lat' dir='ltr'>militum</span> 
     </span>
     <span class='ocr_line' id='line_1_43' title="bbox 321 3707 1362 3795; baseline 0.003 -23"><span class='ocrx_word' id='word_1_247' title='bbox 321 3707 493 3792; x_wconf 82' lang='lat' dir='ltr'>praefatus,</span> <span class='ocrx_word' id='word_1_248' title='bbox 524 3708 654 3773; x_wconf 89' lang='lat' dir='ltr'>consilia</span> <span class='ocrx_word' id='word_1_249' title='bbox 683 3709 744 3774; x_wconf 90' lang='lat' dir='ltr'>sibi</span> <span class='ocrx_word' id='word_1_250' title='bbox 774 3716 806 3773; x_wconf 92' lang='lat' dir='ltr'>et</span> <span class='ocrx_word' id='word_1_251' title='bbox 836 3711 983 3793; x_wconf 84' lang='lat' dir='ltr'>exempla</span> <span class='ocrx_word' id='word_1_252' title='bbox 1016 3712 1200 3795; x_wconf 90' lang='lat' dir='ltr'>capessendi</span> <span class='ocrx_word' id='word_1_253' title='bbox 1235 3713 1362 3794; x_wconf 85' lang='lat' dir='ltr'>egregie</span> 
     </span>
     <span class='ocr_line' id='line_1_44' title="bbox 321 3811 1363 3895; baseline 0.003 -19"><span class='ocrx_word' id='word_1_254' title='bbox 321 3811 446 3895; x_wconf 88' lang='lat' dir='ltr'>imperii</span> <span class='ocrx_word' id='word_1_255' title='bbox 472 3812 667 3894; x_wconf 91' lang='lat' dir='ltr'>memoravit,</span> <span class='ocrx_word' id='word_1_256' title='bbox 697 3833 800 3894; x_wconf 90' lang='lat' dir='ltr'>neque</span> <span class='ocrx_word' id='word_1_257' title='bbox 827 3814 990 3878; x_wconf 89' lang='lat' dir='ltr'>iuventam</span> <span class='ocrx_word' id='word_1_258' title='bbox 1017 3817 1112 3880; x_wconf 90' lang='lat' dir='ltr'>armis</span> <span class='ocrx_word' id='word_1_259' title='bbox 1140 3816 1285 3881; x_wconf 82' lang='lat' dir='ltr'>civilibus</span> <span class='ocrx_word' id='word_1_260' title='bbox 1308 3823 1363 3880; x_wconf 92' lang='lat' dir='ltr'>aut</span> 
     </span>
     <span class='ocr_line' id='line_1_45' title="bbox 323 3912 1363 4000; baseline 0.006 -22"><span class='ocrx_word' id='word_1_261' title='bbox 323 3913 504 3979; x_wconf 88' lang='lat' dir='ltr'>domesticis</span> <span class='ocrx_word' id='word_1_262' title='bbox 527 3912 690 3980; x_wconf 85' lang='lat' dir='ltr'>discordiis</span> <span class='ocrx_word' id='word_1_263' title='bbox 712 3917 870 4000; x_wconf 84' lang='lat' dir='ltr'>inbutam;</span> <span class='ocrx_word' id='word_1_264' title='bbox 894 3917 983 3982; x_wconf 91' lang='lat' dir='ltr'>nulla</span> <span class='ocrx_word' id='word_1_265' title='bbox 1003 3918 1085 4000; x_wconf 87' lang='lat' dir='ltr'>odia,</span> <span class='ocrx_word' id='word_1_266' title='bbox 1109 3920 1213 3984; x_wconf 90' lang='lat' dir='ltr'>nullas</span> <span class='ocrx_word' id='word_1_267' title='bbox 1233 3920 1363 3984; x_wconf 89' lang='lat' dir='ltr'>iniurias</span> 
     </span>
    </p>
   </div>
   <div class='ocr_carea' id='block_1_9' title="bbox 0 0 1505 4275">
    <p class='ocr_par' dir='ltr' id='par_1_13' title="bbox 0 0 1505 4275">
     <span class='ocr_line' id='line_1_46' title="bbox 0 0 1505 4275; baseline 0 0"><span class='ocrx_word' id='word_1_268' title='bbox 0 0 1505 4275; x_wconf 95' lang='lat' dir='ltr'> </span> 
     </span>
    </p>
   </div>
  </div>
 </body>
</html>
