2984 4275
236 240 240 247 ,
290 154 353 218 150
527 170 577 225 Ab
596 184 712 224 excessu
730 169 764 223 D.
777 169 905 238 Augusti
922 169 977 224 XV
996 172 1107 225 71-74.

289 345 390 410 Novio
416 345 520 410 Prisco
544 365 600 428 per
622 344 795 408 amicitiam
823 343 966 408 Senecae
992 351 1025 407 et
1052 342 1147 408 Glitio
1174 342 1265 407 Callo
1288 351 1333 408 at-

289 470 351 530 quc
366 448 471 513 Annio
493 448 627 513 Pollioni
649 448 814 512 infamatis
837 447 939 529 magis
962 467 1058 527 quarn
1081 447 1232 511 convictis
1255 448 1333 512 data

290 555 394 618 exilia.
440 553 582 617 Priscum
604 553 730 616 Artoria
761 551 912 616 Flaccilla
933 551 1072 615 coniunx
1100 551 1252 615 comitata
1274 558 1333 635 est,

289 656 417 721 Callum
443 657 582 739 Egnatia
609 655 794 738 Maximilla,
826 655 950 736 magnis
977 656 1114 737 primum
1142 661 1174 718 et
1200 654 1334 736 integris

193 760 198 767 “
290 762 411 845 opibus,
435 767 507 843 post
522 759 689 842 ademptis,
714 777 796 839 quac
813 765 948 840 utraque
971 758 1104 841 gloriam
1120 758 1188 822 eius
1203 777 1333 822 auxere.

289 865 417 948 pellitur
438 869 470 927 et
491 862 621 927 Rufrius
644 862 807 945 Crispinus
830 862 995 926 occasione
1019 861 1251 945 coniurationis,
1274 862 1334 927 sed

289 968 409 1033 Neroni
436 967 567 1049 invisus,
603 966 687 1048 quod
721 967 905 1049 Poppaeam
939 965 1100 1046 quondam
1133 966 1334 1031 matrimonio

290 1077 444 1136 tenuerat.
483 1071 668 1153 Verginium
691 1070 827 1134 Flavum
849 1076 881 1133 ct
904 1069 1082 1135 Musonium
1104 1070 1224 1134 Rufum
1247 1070 1335 1135 clari·

290 1174 367 1239 tudo
401 1173 536 1239 nominis
570 1174 705 1257 expulit:
741 1193 817 1237 nam
844 1173 1013 1256 Verginius
1045 1173 1150 1237 studia
1182 1175 1335 1239 iuvenum

291 1279 479 1361 eloquentia,
503 1278 666 1341 Musonius
688 1279 866 1361 praeceptis
888 1277 1064 1361 sapientiae
1087 1276 1225 1342 fovebat.
1264 1277 1334 1342 Clu·

292 1382 419 1446 vidienc
442 1380 564 1463 Quieto,
587 1380 669 1445 Iulio
691 1380 863 1465 Agrippae,
887 1381 982 1445 Blitio
1005 1381 1161 1459 Catulino,
1185 1383 1335 1446 Petronio

292 1484 407 1566 Prisco,
430 1484 510 1548 Iulio
525 1483 642 1565 Altino,
666 1484 754 1547 velut
775 1483 809 1547 in
832 1504 949 1567 agmen
965 1490 997 1549 et
1012 1504 1189 1566 numemm,
1213 1486 1335 1567 Aegaei

292 1589 389 1654 maris
410 1590 533 1653 insulae
555 1589 788 1671 permittuntur.
812 1595 845 1651 at
867 1587 1015 1652 Caedicia
1038 1607 1117 1653 uxor
1139 1588 1288 1653 Scaevini
1303 1596 1335 1653 ct

292 1692 488 1758 Caesennius
517 1692 675 1757 Maximus
701 1693 795 1756 ltalia
824 1693 1041 1776 prohibentur,
1074 1712 1144 1757 reos
1174 1692 1273 1758 fuisse
1300 1713 1335 1758 se

293 1803 418 1860 tantum
440 1816 544 1879 poena
567 1795 699 1879 experti.
724 1796 827 1861 Acilia
850 1803 952 1860 mater
974 1797 1100 1860 Annaei
1123 1796 1244 1860 Lucani
1266 1798 1335 1862 sine

293 1900 500 1979 absolutione,
523 1900 591 1963 sine
613 1899 767 1982 supplicio
791 1900 998 1964 dissimulata.

147 2018 248 2064 33333
399 2003 450 2068 12.
485 2002 607 2079 Quibus
636 2004 824 2086 perpetratis
851 2004 936 2068 Nero
964 2010 996 2067 31
1024 2003 1170 2068 contione
1198 2004 1335 2068 militum

135 2088 225 2142 mim
239 2097 267 2132 “¹¹
294 2107 403 2172 habita
426 2108 501 2172 bina
524 2127 688 2172 nummum
710 2107 799 2171 milia
819 2107 935 2172 viritim
958 2107 1209 2191 manipularibus
1231 2108 1336 2173 divisit

121 2157 155 2202 tlt
170 2159 277 2202 61113113

140 2228 184 2349 pp
197 2228 254 2271 auc
294 2212 480 2293 addiditque
510 2213 577 2276 sine
607 2211 707 2294 pretio
737 2212 942 2295 frumentum,
977 2232 1039 2294 quo
1069 2219 1143 2277 ante
1174 2232 1214 2276 ex
1242 2213 1335 2277 modo

128 2307 149 2350 11
179 2307 275 2349 nauum.

119 2366 276 2420 „mmm
294 2335 440 2381 annonae
462 2315 640 2379 utebantur.
680 2322 758 2398 tum,
790 2315 880 2398 quasi
907 2321 999 2398 gesta
1019 2316 1104 2380 bello
1126 2316 1335 2399 expositurus,

294 2426 387 2484 vocat
409 2424 556 2484 senatum
584 2425 616 2483 et
638 2418 831 2501 triumphale
858 2418 956 2483 decus
982 2419 1129 2484 Petronio
1151 2420 1335 2503 Turpiliano

294 2523 460 2604 consulari,
491 2521 622 2587 Cocceio
649 2523 777 2586 Nervae
807 2522 943 2605 praetori
973 2522 1148 2607 designato,
1178 2523 1336 2604 ligellinc

294 2626 454 2711 praefecto
476 2626 625 2709 praetorii
647 2626 766 2709 tribuit,
789 2626 983 2708 Tigellinum
1006 2633 1038 2691 et
1052 2628 1193 2691 Nervam
1216 2627 1261 2690 ita
1285 2646 1335 2691 ex-

294 2730 416 2811 tollens,
441 2736 475 2794 ut
498 2750 593 2813 super
615 2729 824 2814 triumphales
846 2730 880 2794 in
903 2730 971 2795 foro
993 2731 1151 2812 imagines
1173 2729 1260 2813 apud
1280 2731 1336 2795 Pa·

293 2834 403 2897 latium
427 2853 552 2915 quoque
575 2832 697 2916 effigies
720 2854 829 2898 eorum
844 2835 979 2899 sisteret.
1003 2834 1181 2898 consularia
1195 2834 1335 2916 insignia

292 2937 498 3020 Nymphidio,
530 2938 584 3020 qui
611 2939 686 3020 quia
712 2958 797 3002 nunc
824 2938 961 3022 primum
988 2940 1115 3004 oblatus
1145 2946 1202 3022 est,
1233 2960 1337 3023 pauca

292 3048 451 3124 repetam:
486 3064 561 3107 nam
591 3048 623 3107 31
652 3043 720 3126 1133
750 3063 824 3126 pars
853 3044 1068 3108 Romanarum
1099 3044 1238 3108 cladium
1267 3044 1334 3108 erit.

292 3146 388 3228 igitur
410 3152 509 3211 matre
531 3146 679 3211 hbertina
702 3154 797 3230 ortua,
829 3166 911 3229 quae
939 3166 1052 3231 corpus
1079 3147 1230 3212 decorum
1252 3148 1336 3211 inter

293 3269 400 3314 servos
421 3250 613 3331 libertosque
632 3252 810 3334 principum
826 3252 1023 3336 vulgaverat,
1047 3271 1088 3316 ex
1104 3250 1183 3316 Gaio
1198 3251 1335 3316 Caesare

293 3372 327 3418 se
349 3353 493 3436 genitum
515 3354 648 3436 ferebat,
680 3354 830 3434 quoniam
857 3354 940 3418 forte
963 3355 1102 3436 quodam
1129 3355 1241 3419 habitu
1268 3375 1335 3438 pro·

294 3476 384 3521 cerus
406 3464 437 3521 31
460 3463 550 3520 torvo
573 3457 662 3521 vultu
690 3463 767 3539 erat,
797 3458 864 3522 sive
888 3457 986 3523 Gaius
1009 3458 1134 3542 Caesar,
1163 3466 1335 3523 scortorum

171 3627 228 3670 m
295 3581 420 3642 quoque
443 3561 581 3644 cupiens,
606 3561 701 3625 etiarn
724 3562 819 3625 matri
842 3561 909 3625 eius
930 3562 1098 3627 inlusit...

137 3695 264 3748 „mmm
400 3664 451 3727 73.
485 3663 549 3728 Sed
571 3665 658 3728 Nero
681 3672 793 3728 vocato
816 3671 938 3746 senatu,
963 3666 1102 3730 oratione
1124 3665 1208 3729 inter
1229 3672 1335 3747 patres

180 3764 216 3816 Ml
294 3766 414 3849 habita,
445 3765 585 3830 edictum
611 3766 695 3849 apud
723 3769 875 3850 populum
902 3775 934 3832 et
961 3770 1086 3833 conlata
1112 3770 1145 3833 in
1171 3769 1269 3832 libros
1291 3769 1334 3832 in·

137 3839 183 3947 22}
190 3834 259 3946 3:¹1?
295 3868 378 3932 dicia
390 3867 664 3949 confessionesque
676 3868 898 3934 damnatorum
913 3871 1069 3938 adiunxit.
1091 3872 1208 3936 etenim
1224 3872 1334 3936 crebro
