2984 4275
323 175 384 238 158
541 190 591 244 Ab
610 205 727 244 excessu
745 189 779 244 D.
792 190 919 258 Augusti
938 188 1008 243 XVI
1028 192 1139 244 14-17.

320 366 503 449 interceptis
526 365 621 430 Antei
647 364 770 447 litteris,
801 364 925 428 furatus
952 363 1050 428 etiam
1079 363 1214 448 libellos,
1245 365 1360 445 quibus

321 470 389 535 dies
411 469 558 553 genitalis
581 469 649 534 eius
665 476 697 534 et
712 474 865 533 eventura
881 467 1012 533 secretis
1027 468 1209 532 Pammenis
1228 469 1361 533 occulta·

321 575 445 657 bantur,
469 574 562 638 simul
584 574 727 658 repertis,
751 593 833 655 qnae
856 572 896 637 de
920 578 988 637 ortu
1008 572 1139 653 vitaque
1154 571 1270 638 Ostorii
1291 573 1361 638 Sca·

321 679 417 763 pulae
440 679 612 762 composita
634 685 734 762 erant,
758 678 867 742 scribit
890 677 932 742 ad
954 677 1128 761 principem
1149 698 1267 759 magna
1282 696 1316 742 se
1331 683 1362 742 et

322 803 404 865 quae
419 782 627 847 incolumitati
650 783 718 847 eius
734 782 948 847 conducerent
969 782 1159 863 adlaturum,
1183 782 1211 846 si
1232 783 1363 847 brevem

323 888 410 953 exilii
432 887 559 952 veniam
581 888 820 971 inpetravisset:
845 888 962 971 quippe
977 887 1128 951 Anteium
1152 892 1184 950 et
1205 885 1363 950 Ostorium

323 991 487 1056 imminere
513 992 608 1056 rebus
635 998 667 1056 et
690 1011 748 1055 sua
770 990 976 1071 Caesarisque
1003 989 1071 1054 iata
1098 989 1239 1054 scrutari.
1279 990 1364 1053 exim

324 1097 439 1160 missae
458 1095 642 1179 liburnicae,
665 1094 899 1175 advehiturque
915 1114 1047 1177 propere
1061 1093 1222 1169 Sosianus.
1246 1113 1285 1156 ac
1301 1093 1365 1158 vul·

324 1207 399 1284 gato
422 1200 489 1264 eius
510 1199 627 1264 indicio
650 1199 732 1263 inter
754 1198 923 1263 damnatos
946 1198 1048 1281 magis
1070 1218 1167 1279 quam
1189 1198 1273 1261 inter
1295 1217 1365 1261 reos

325 1304 458 1369 Anteius
484 1302 687 1385 Ostoriusque
714 1303 924 1384 habebantur,
963 1301 1044 1367 adeo
1077 1309 1113 1366 ut
1128 1308 1365 1386 ,testamentum

326 1409 423 1472 Antei
445 1428 538 1472 nemo
561 1408 752 1490 obsignaret,
779 1408 839 1472 nisi
854 1408 1030 1490 Tigellinus
1052 1415 1162 1472 auctor
1184 1407 1365 1486 exstitisset,

326 1513 445 1577 monito
467 1512 554 1595 prius
568 1512 694 1595 Anteio,
719 1533 760 1577 ne
782 1532 946 1595 supremas
968 1512 1095 1577 tabulas
1117 1519 1301 1577 moraretur.
1324 1517 1366 1575 at-

328 1636 389 1697 que
411 1616 466 1680 ille
481 1615 594 1680 hausto
610 1636 743 1700 veneno,
768 1617 949 1681 tarditatem
971 1617 1039 1681 eius
1061 1635 1191 1699 perosus
1213 1614 1367 1680 intercisis

327 1721 417 1785 venis
439 1727 571 1784 mortem
594 1719 826 1804 adproperavit.

434 1824 484 1888 lb.
501 1823 641 1888 Ostorius
656 1825 838 1908 longinquis
852 1825 886 1889 in
901 1825 986 1906 agris
1001 1824 1087 1908 apud
1103 1823 1198 1888 finem
1214 1824 1367 1905 Ligurum

328 1928 360 1992 id
383 1927 533 2012 temporis
560 1935 637 1993 erat.
676 1949 713 1993 eo
740 1930 856 1993 missus
883 1929 1033 2012 centurio,
1065 1928 1119 2009 qui
1146 1928 1278 1993 caedem
1301 1928 1368 1992 eius

329 2038 509 2097 maturaret.
541 2052 637 2097 causa
659 2033 833 2098 festinandi
856 2054 895 2098 ex
920 2053 958 2097 eo
980 2033 1149 2114 oriebatur,
1174 2032 1259 2113 quod
1282 2031 1368 2097 Osto-

329 2137 402 2221 rius,
430 2137 531 2201 multa
553 2137 682 2203 militari
703 2139 790 2203 fama
813 2145 844 2203 et
868 2137 1002 2202 civicam
1024 2158 1172 2203 coronam
1196 2136 1283 2221 apud
1306 2136 1369 2201 Bri-

329 2242 473 2306 tanniam
503 2241 641 2323 meritus,
675 2243 799 2324 ingenti
828 2262 957 2325 corpore
987 2261 1207 2322 armorumque
1233 2242 1370 2332 scientia

330 2353 451 2410 metum
473 2346 593 2410 Neroni
615 2345 745 2428 fecerat,
771 2367 811 2411 ne
834 2346 1000 2411 inuaderet
1022 2346 1174 2429 pavidum
1198 2366 1325 2429 semper
1340 2351 1371 2411 et

330 2457 456 2533 reperta
477 2468 579 2532 nuper
601 2450 816 2515 coniuratione
840 2451 943 2533 magis
966 2450 1159 2516 exterritum.
1183 2450 1279 2533 igitur
1302 2471 1372 2515 cen·

330 2554 423 2634 turio,
446 2554 502 2617 ubi
524 2553 641 2636 effugia
664 2556 759 2620 villae
782 2556 905 2636 clausit,
929 2555 1014 2619 iussa
1036 2554 1233 2638 imperatoris
1248 2554 1371 2620 Ostorio

331 2657 441 2741 aperit.
466 2657 492 2721 is
513 2656 729 2723 fortitudinem
754 2679 851 2743 saepe
873 2660 1043 2724 adversum
1067 2659 1174 2723 hostes
1196 2666 1371 2742 spectatam

332 2762 365 2825 in
388 2780 422 2824 se
437 2761 549 2846 vertit3
573 2770 605 2826 et
621 2762 696 2843 quia
711 2784 814 2828 venae
829 2783 1021 2845 quamquam
1044 2764 1238 2846 interruptae
1260 2783 1371 2847 parum

332 2865 497 2948 sanguinis
520 2866 738 2952 effundebant,
762 2867 917 2933 hactenus
939 2888 1036 2933 manu
1058 2868 1142 2932 servi
1164 2886 1250 2949 usus,
1274 2875 1309 2932 ut
1330 2868 1373 2931 in-

332 2975 453 3034 motum
480 2971 650 3053 pugionem
678 2973 853 3056 extolleret,
885 2972 1044 3056 adpressit
1072 2973 1217 3036 dextram
1240 2971 1309 3038 eins
1332 2972 1374 3036 in·

332 3074 470 3155 guloque
492 3075 635 3139 occurrit.

174 3181 308 3295 &yffi
441 3177 490 3242 16.
515 3178 619 3243 Etiam
642 3179 669 3243 si
692 3180 776 3244 bella
799 3186 932 3244 externa
954 3187 986 3245 et
1002 3179 1106 3244 obitas
1127 3199 1183 3263 pro
1198 3200 1233 3244 re
1249 3181 1375 3263 publica

180 3315 232 3363 g„
245 3317 300 3370 „m
335 3289 452 3346 mortes
481 3289 571 3346 tanta
604 3303 736 3348 casuum
767 3284 974 3348 similitudine
1008 3303 1226 3368 memorarem,
1260 3303 1375 3366 meque

178 3386 305 3501 dmm
334 3387 440 3470 ipsum
466 3387 563 3451 satias
591 3389 724 3471 cepisset
752 3389 949 3470 aliorumque
975 3389 1116 3453 taedium
1146 3397 1375 3472 exspectarem,

192 3524 286 3578 ,mm
336 3491 482 3571 quamvis
512 3491 661 3557 honestos
690 3493 806 3557 civium
834 3494 948 3574 exitus,
979 3493 1085 3557 tristes
1111 3499 1220 3557 tamen
1247 3500 1281 3557 et
1308 3513 1376 3557 oon-

336 3594 441 3658 tinuos
456 3596 712 3678 aspernantium:
737 3605 770 3660 at
785 3616 870 3660 nunc
884 3597 1039 3680 patientia
1054 3597 1176 3662 servilis
1191 3602 1377 3678 tantumque

337 3698 502 3778 sanguinis
534 3699 620 3762 domi
648 3699 807 3782 perditum
834 3700 972 3783 fatigant
998 3701 1141 3765 animum
1168 3707 1200 3765 et
1222 3700 1378 3765 maestitia

337 3802 540 3883 restringunt.
564 3822 667 3883 neque
689 3804 785 3867 aliam
810 3804 1028 3869 defensionem
1052 3808 1092 3870 ab
1117 3806 1163 3890 iis,
1189 3805 1304 3887 quibus
1319 3804 1379 3868 ista

337 3912 517 3988 noscentur,
541 3907 712 3990 exegerim,
737 3927 833 3987 quam
856 3929 897 3973 ne
920 3909 1041 3974 oderim
1063 3916 1130 3974 tam
1151 3910 1291 3992 segniter
1313 3928 1378 3992 per·
