2984 4275
506 228 531 265 a.
544 212 576 266 U.
590 228 613 265 c.
626 215 686 268 801.
710 228 738 280 p.
751 211 814 265 Chr.
826 215 868 268 48.
1167 198 1207 261 15

166 387 271 468 ritum,
296 386 353 450 sed
375 405 416 449 ne
431 383 527 450 Silius
549 405 674 449 summa
695 383 830 469 adeptus
845 392 1008 469 sperneret
1031 386 1208 451 adulteram

167 490 334 572 scelusque
367 488 451 553 inter
484 488 637 572 ancipitia
669 489 837 572 probatum
872 490 956 554 veris
989 510 1064 554 mox
1097 490 1208 574 pretiis

167 593 360 657 aestimaret.
376 612 492 657 nomen
509 597 616 656 tamen
632 591 823 657 matrimonii
838 592 1019 676 concupivit
1031 593 1071 658 ob
1087 593 1208 675 magni-

166 696 311 760 tudinem
340 694 503 779 infamiae,
537 695 626 759 cuius
655 694 741 778 apud
775 695 924 778 prodigos
954 696 1124 760 novissima
1153 716 1208 760 vo·

168 800 275 883 luptas
305 805 361 864 est.
400 818 460 862 neo
490 799 572 863 ultra
602 804 797 882 exspectato,
828 817 924 880 quam
958 799 1034 863 dum
1064 799 1209 863 sacrificii

167 904 277 985 gracia
298 902 451 967 Claudius
466 901 587 967 Ostiam
609 901 868 986 proficisceretur,
892 908 1006 966 cuncta
1027 903 1208 986 nuptiarum

169 1006 335 1071 sollemnia
357 1006 504 1071 celebrat.

273 1109 325 1174 27.
363 1109 459 1173 Haud
490 1130 561 1174 sum
587 1109 718 1191 ignarus
740 1109 921 1175 fabulosum
949 1111 1053 1174 visum
1080 1110 1117 1174 iri
1140 1117 1209 1175 tan·
1245 1124 1364 1203 ansata

167 1220 234 1277 tum
255 1213 328 1278 ullis
347 1213 526 1278 mortalium
550 1213 727 1277 securitatis
746 1213 844 1278 fuisse
865 1213 1045 1278 incivitate
1068 1215 1208 1279 omnium
1233 1195 1382 1318 „JYIJM

168 1337 270 1398 gnara
302 1322 334 1380 et
363 1315 443 1380 nihil
472 1316 633 1400 reticente,
665 1316 784 1380 nedum
815 1317 977 1382 consulem
1007 1317 1209 1400 designatum

169 1439 240 1485 oum
263 1440 363 1485 uxore
384 1420 545 1504 principis,
569 1419 733 1503 praedicta
753 1419 805 1484 die
820 1420 971 1485 adhibitis
987 1420 1042 1503 qui
1064 1422 1210 1504 obsigna·

169 1530 248 1605 rent,
276 1524 366 1589 velut
392 1522 664 1606 suscipiendorum
691 1508 869 1588 liberorum.
891 1544 987 1589 causa
1013 1525 1208 1607 convenisse,
1277 1572 1280 1576 -

171 1636 266 1710 atque
288 1628 376 1692 illam
398 1627 526 1691 audisse
548 1627 713 1711 auspicum
728 1627 837 1709 verba,
861 1628 992 1713 subisse,
1016 1628 1210 1694 sacrificasse

169 1731 256 1815 apud
277 1732 368 1816 deos3
391 1731 584 1796 discubitum
606 1732 690 1795 inter
705 1732 865 1816 convivas,
889 1733 997 1797 oscula
1016 1734 1208 1817 complexus,

169 1841 294 1900 noctem
318 1835 455 1917 denique
477 1840 582 1899 actam
604 1835 734 1899 licentia
757 1835 923 1918 coniugali.
948 1835 1005 1900 sed
1027 1835 1106 1900 nibil
1129 1855 1210 1902 com·

169 1939 306 2022 positum
328 1938 472 2004 miraculi
495 1957 600 2022 causa,
624 1958 735 2003 verum
759 1939 869 2003 audita
889 1940 1068 2024 scriptaque
1084 1940 1210 2005 seniori-

169 2043 230 2107 bus
251 2042 387 2107 badam.

273 2146 325 2213 28.
363 2147 465 2230 Igitur
493 2146 606 2212 domus
639 2146 790 2230 principis
821 2146 1032 2231 inhorruerat;
1061 2148 1211 2212 manime-
1242 2160 1372 2216 subsunt

170 2269 231 2333 que
255 2270 333 2332 quos
355 2270 455 2334 penes
477 2251 619 2334 potentia
642 2257 684 2332 et,
712 2251 739 2315 si
764 2270 815 2315 res
833 2257 1040 2332 verterentur,
1065 2250 1209 2335 formido,
1251 2230 1362 2355 uim,

169 2374 234 2419 non
264 2355 329 2419 iam
359 2353 489 2419 seeretis
520 2354 703 2438 conloquiis,
734 2354 791 2419 sed
821 2361 930 2438 aperte
959 2354 1102 2438 fremere,
1134 2354 1209 2420 dum

169 2457 281 2523 histrio
304 2458 484 2523 cubiculum
511 2458 662 2541 principis
684 2458 894 2540 insultaverit,
924 2457 1059 2522 dedecus
1082 2458 1209 2540 quidem

168 2562 313 2645 inlatum,
337 2561 394 2626 sed
417 2562 576 2626 excidium
599 2563 707 2645 procul
729 2561 862 2627 afuisse:
886 2581 971 2626 nunc
988 2563 1136 2627 iuvenem
1157 2583 1210 2627 no·

168 2665 266 2730 bilem
289 2664 445 2748 dignitate
467 2665 598 2748 formae,
622 2665 656 2731 vi
670 2666 787 2730 mentis
801 2686 840 2730 ac
854 2666 1030 2750 propinquo
1045 2666 1211 2731 consulatu

169 2769 322 2833 maiorem
345 2767 387 2832 ad
410 2788 500 2851 spem
519 2768 657 2853 accingi3
681 2789 741 2834 nec
757 2770 842 2834 enim
857 2770 1023 2854 occultum,
1048 2769 1124 2852 quid
1139 2777 1212 2854 post

170 2872 235 2937 tale
258 2871 492 2937 matrimonium
516 2879 705 2956 superesset.
744 2873 871 2938 subibat
893 2873 961 2937 sine
989 2873 1085 2938 dubio
1108 2881 1211 2938 metus

169 2981 353 3059 reputantes
374 2975 523 3040 hebetem
537 2975 704 3040 Claudium
721 2982 753 3039 et
772 2977 864 3040 uxori
885 2976 1067 3040 devinctum
1082 2977 1210 3041 multas-

170 3099 232 3162 que
247 3085 364 3145 mortes
379 3080 467 3144 iussu
481 3079 672 3144 Messalinae
691 3086 845 3162 patratas:
868 3099 975 3144 rursus
989 3080 1060 3164 ipsa
1075 3080 1210 3145 facilitas

169 3181 368 3267 imperatoris
394 3182 544 3247 fiduciam
572 3182 678 3265 dabat,
710 3183 737 3247 si
764 3183 927 3248 atrocitate
952 3183 1094 3248 criminis
1123 3204 1211 3267 prae-

170 3286 353 3367 valuissent,
370 3305 463 3369 posse
483 3286 619 3370 opprimi
634 3285 819 3350 damnatam
834 3293 909 3350 ante
926 3307 1021 3369 quam
1035 3307 1136 3371 ream3
1153 3286 1211 3351 sed

170 3389 203 3452 in
220 3409 258 3453 eo
274 3388 443 3454 discrimen
461 3389 551 3468 verti,
576 3390 604 3453 si
618 3388 761 3454 defensio
776 3389 947 3472 audiretur,
971 3396 1067 3472 utque
1083 3390 1210 3455 clausae

170 3512 264 3557 aures
286 3492 382 3556 etiam
405 3492 569 3559 confitenti
591 3492 704 3557 forent.
1228 3540 1263 3585 ,a
1280 3541 1383 3593 mm„

274 3596 327 3661 29.
367 3597 415 3660 Ac
449 3596 549 3680 primo
582 3595 740 3678 Callistus,
774 3596 839 3660 iam
872 3596 950 3660 mihi
982 3597 1066 3660 circa
1098 3616 1210 3661 necem
1240 3611 1284 3655 uo
1298 3611 1375 3663 busso

171 3699 231 3764 Gai
252 3700 397 3765 Caesaris
424 3706 579 3781 narratus,
609 3707 641 3764 et
662 3700 829 3784 Appianae
857 3700 964 3764 caedis
987 3699 1111 3764 molitor
1132 3700 1210 3763 Nar·
1256 3679 1356 3799 ³³12?

170 3804 269 3868 cissos
290 3803 599 3886 flagrantissimaque
621 3803 712 3867 eoin
734 3809 876 3887 tempore
898 3802 1002 3885 gratia
1024 3802 1130 3866 Pallas
1146 3802 1210 3883 agi·
1252 3816 1363 3867 neotus

171 3911 289 3990 terere,
312 3927 389 3971 num
412 3905 614 3971 Messalinam
637 3906 766 3971 secretis
784 3905 879 3969 minis
894 3904 1089 3987 depellerent
1103 3923 1210 3967 amore
1245 3880 1369 4002 {22:132ss
