2984 4275
467 210 491 248 a.
505 195 539 250 U.
552 212 575 250 c.
588 199 647 253 815.
672 211 697 264 p.
711 196 774 251 Chr.
787 200 828 253 62.
1107 182 1165 247 121

137 367 250 432 litteras
272 367 314 432 ad
329 368 509 452 Vologesen
531 390 595 434 non
617 372 786 455 supplices,
809 371 866 436 sed
887 374 921 436 in
945 372 1073 439 modum
1095 393 1169 455 que-

135 473 228 536 rentis
255 472 441 557 composuit,
471 472 556 554 quod
582 494 639 559 pro
667 475 826 541 Armeniis
855 495 981 561 semper
1006 477 1168 543 Romanae

135 575 262 641 dicionis
291 584 347 641 aut
377 577 526 642 subiectis
554 580 636 662 regi,
666 598 762 660 quem
794 581 963 664 imperator
992 581 1168 664 delegisset,

136 679 257 745 hostilia
280 680 413 746 faceret:
441 702 553 766 pacem
581 701 621 747 ex
647 703 750 765 aequo
777 685 899 769 utilem3
926 705 968 750 ne
990 686 1170 769 praesentia

135 792 254 850 tantum
284 792 450 868 spectaret.
494 787 598 870 ipsum
627 787 781 854 adversus
814 789 893 854 duas
927 790 1068 871 legiones
1097 791 1170 854 totis

136 890 223 973 regni
238 890 357 955 viribus
379 890 562 957 advenisse:
585 898 619 956 at
634 892 786 957 Romanis
801 893 911 958 orbem
926 900 1078 958 terrarum
1100 894 1170 959 reli·

134 1015 237 1077 quum,
261 1013 322 1075 quo
344 995 465 1060 bellum
487 996 641 1062 iuvarent.

238 1099 288 1164 14.
311 1098 362 1163 Ad
382 1099 606 1182 eaVologeses
628 1099 708 1165 nihil
729 1121 785 1185 pro
801 1121 905 1184 causa,
929 1102 986 1167 sed
1008 1103 1170 1186 opperien-
1206 1119 1251 1163 aas
1266 1117 1327 1163 etna

134 1201 189 1268 dos
216 1203 278 1269 sibi
304 1202 417 1268 fratres
443 1205 598 1268 Pacorum
623 1224 661 1269 ac
688 1205 851 1270 liridaten
879 1207 1050 1290 rescripsit;
1080 1207 1169 1271 illum
1193 1186 1340 1309 llffilss'm

133 1308 237 1373 locum
259 1313 447 1391 tempusque
470 1308 599 1374 consilio
622 1308 824 1393 destinatum,
854 1310 930 1392 quid
956 1310 997 1375 de
1018 1311 1170 1376 Armenia
1207 1322 1324 1379 actumst.

133 1418 311 1495 comerent3
335 1412 487 1478 adiecisse
509 1411 586 1478 deos
609 1413 742 1496 dignum
764 1413 997 1497 Arsacidarum,
1021 1415 1114 1480 simul
1136 1421 1171 1480 ut

25 1510 26 1515 ’
134 1517 172 1581 de
199 1517 378 1600 legionibus
403 1517 554 1581 Romanis
581 1523 765 1582 statuerent.
805 1518 891 1583 missi
920 1519 1051 1602 posthac
1073 1520 1171 1585 Paeto

133 1621 235 1685 nuntii
262 1627 295 1685 et
320 1621 405 1704 regis
432 1622 633 1703 conloquium
659 1623 802 1704 petitum,
833 1623 888 1703 qui
910 1623 1056 1688 Vasacen
1085 1643 1173 1707 prae-

133 1725 253 1790 fectum
277 1725 434 1807 equitatus
455 1725 500 1790 ire
522 1725 622 1791 iussit.
662 1733 730 1791 tum
757 1727 872 1792 Paetus
899 1727 1056 1810 Lucullos,
1085 1729 1173 1793 Pom·

134 1829 231 1914 peios,
256 1836 288 1893 et
311 1830 337 1893 si
360 1848 423 1911 qua
445 1829 599 1895 Caesares
620 1830 813 1896 obtinendae
835 1830 1045 1896 donandaeve
1067 1831 1174 1896 Arme-

25 1960 26 2019 ᾗ
134 1934 206 1999 niae
237 1940 378 2018 egerant,
409 1933 548 1999 Vasaces
581 1934 755 2016 imaginem
788 1934 946 2000 retinendi
979 1935 1174 2018 largiendive

25 2028 26 2101 l
133 2058 232 2123 penes
254 2058 322 2121 nos,
347 2039 413 2102 vim
439 2058 537 2122 penes
563 2038 697 2103 Parthos
724 2046 886 2104 memorat.
924 2046 956 2104 et
986 2040 1119 2104 multum
1140 2041 1174 2104 in

25 2134 26 2137 ¹
133 2144 236 2208 vicem
252 2143 434 2227 disceptato,
458 2143 651 2209 Monobazus
662 2142 848 2209 Adiabenus
863 2144 897 2208 in
913 2144 998 2208 diem
1013 2150 1174 2229 posterum

133 2249 225 2312 testis
247 2248 297 2330 iis,
321 2267 403 2330 quae
425 2247 629 2332 pepigissent,
646 2247 824 2313 adhibetur.
847 2248 1029 2333 placuitque
1044 2247 1175 2312 liberari

133 2351 258 2417 obsidio
279 2351 421 2434 legiones
443 2359 475 2415 et
498 2351 651 2416 decedere
677 2372 804 2417 omnem
826 2353 959 2417 militem
980 2350 1097 2417 finibus
1119 2352 1175 2415 Ar·

133 2456 311 2521 meniorum
331 2455 526 2538 castellaque
542 2462 573 2520 et
587 2461 782 2520 commeatus
796 2456 922 2521 Parthis
943 2456 1036 2539 tradi,
1061 2456 1175 2539 quibus

25 2605 27 2610 >
131 2561 323 2646 perpetratis
352 2559 443 2644 copia
472 2559 620 2642 Vologesi
648 2558 738 2625 fieret
767 2560 913 2624 mittendi
944 2560 986 2625 ad
1014 2561 1174 2625 Neronem

132 2666 269 2749 legatos.

240 2769 292 2833 15.
316 2768 446 2834 Interim
467 2768 590 2832 flumini
604 2769 759 2833 Arsaniae
782 2769 823 2853 (is
838 2776 942 2833 castra
963 2767 1172 2853 praefluebat)
1234 2777 1307 2858 storo

132 2882 266 2959 pontem
292 2872 440 2957 inposuit,
469 2873 575 2957 specie
602 2873 663 2937 sibi
688 2872 767 2937 illud
794 2873 854 2937 iter
880 2872 1089 2957 expedientis,
1117 2870 1173 2936 sed
1191 2845 1348 2961 “⁶523le

132 2978 245 3044 Parthi
263 2978 355 3060 quasi
373 2977 598 3042 documentum
613 2978 764 3042 victoriae
785 2977 954 3061 iusserant,
978 2996 1117 3059 namque
1135 2976 1174 3040 iis

131 3084 205 3148 usui
232 3082 303 3164 fuit,
331 3083 429 3147 nostri
456 3102 513 3166 per
539 3082 700 3147 diversum
727 3081 802 3147 iere.
840 3080 964 3145 addidit
989 3101 1095 3146 rumor
1116 3080 1174 3145 sub

132 3187 246 3271 iugum
270 3186 383 3251 missas
405 3186 547 3270 legiones
566 3193 598 3249 et
612 3186 677 3250 alia
692 3205 732 3249 ex
747 3186 842 3250 rebus
864 3184 1018 3267 infaustis,
1044 3205 1175 3267 quorum

132 3292 340 3355 simulacrum
363 3291 404 3356 ab
427 3290 585 3354 Armeniis
608 3296 794 3373 usurpatum
817 3295 872 3354 est.
897 3309 1035 3372 namque
1058 3293 1089 3352 et
1111 3307 1176 3351 mu·
1297 3279 1303 3290 ⁹

132 3395 280 3459 nimenta
304 3395 440 3478 ingressi
466 3400 549 3476 sunt,
581 3400 754 3476 antequam
781 3413 897 3476 agmen
924 3393 1102 3456 Romanum
1125 3411 1177 3455 ex·
1239 3440 1241 3443 >

132 3498 274 3583 cederet,
299 3505 332 3563 et
353 3498 587 3564 circumstetere
602 3498 680 3581 vias,
704 3497 832 3582 captiva
854 3497 929 3561 olim
949 3495 1108 3578 mancipia
1122 3500 1178 3559 aut

132 3602 282 3668 iumenta
303 3602 535 3686 adgnoscentes
557 3601 857 3687 abstrahentesque;
880 3605 991 3684 raptae
1014 3598 1110 3663 etiam
1126 3618 1178 3662 ve-

81 3727 84 3732 *
133 3713 210 3789 stes,
235 3711 360 3771 retenta
382 3727 480 3788 arma,
507 3705 624 3791 pavido
648 3706 746 3771 milite
769 3712 801 3770 et
823 3704 1026 3785 concedente,
1049 3723 1091 3767 ne
1115 3722 1178 3785 qua

131 3811 249 3894 proelii
264 3830 362 3876 causa
378 3811 553 3876 exsisteret.
570 3810 742 3894 Vologeses
757 3810 853 3874 armis
869 3815 900 3872 et
914 3806 1096 3890 corporibus
1111 3825 1179 3869 cae·

133 3934 244 3980 sorum
279 3916 448 3999 aggeratis,
484 3934 545 3997 quo
575 3913 699 3979 cladem
730 3919 869 3977 nostram
899 3916 1077 3990 testaretur,
1108 3909 1179 3973 visu
1264 3911 1269 3922 '
