2984 4275
307 183 369 248 118
402 244 406 253 .
539 202 589 257 Ab
607 216 723 257 excesso
740 203 775 257 D.
787 202 915 272 Augusti
932 203 987 258 XV
1006 207 1099 260 7-11.

305 374 428 442 duabus
454 375 640 460 legionibus,
671 396 806 458 quarum
833 383 977 459 quartam
1004 377 1218 444 Funisulanus
1239 379 1347 446 Vetto-

304 478 419 545 nianus
449 499 487 545 eo
517 480 549 544 in
579 486 730 564 tempore,
765 481 998 546 duodecumam
1026 481 1174 548 Calavius
1207 482 1348 550 Sabinus

304 584 468 669 regebant,
491 585 675 650 Armeniam
703 585 803 650 intrat
829 585 910 650 tristi
932 586 1046 652 omine.
1083 607 1159 652 nam
1185 587 1219 652 in
1245 593 1347 653 trans—

305 708 416 772 gressu
437 688 617 773 Euphratis,
641 709 736 771 quem
759 696 855 773 ponte
876 691 1105 774 tramittebant,
1127 691 1215 756 nulla
1235 692 1347 777 palam

305 813 400 859 eausa
426 793 570 858 turbatus
596 812 704 878 equus,
736 793 791 874 qni
818 794 994 859 consularia
1022 794 1160 878 insignia
1186 797 1346 881 gestabat,

303 903 386 963 retro
413 898 522 962 evasit.
560 896 735 981 hostiaque,
764 917 846 979 quae
872 899 1103 981 muniebantur,
1131 898 1348 965 hibernaculis

304 1001 462 1067 adsistens
487 1001 654 1067 semifacta
680 1022 779 1086 opera
801 1001 878 1085 fuga
904 1003 1045 1086 perrupit
1067 1023 1163 1086 seque
1186 1004 1269 1069 vallo
1290 1022 1347 1070 ex·

304 1105 382 1171 tudit
407 1112 439 1170 et
461 1105 526 1190 pila
541 1106 676 1171 militum
698 1125 814 1191 arsere,
838 1106 940 1189 magis
954 1106 1072 1190 insigni
1093 1107 1246 1191 prodigio,
1270 1109 1349 1189 quia

304 1209 439 1275 Parthus
461 1210 560 1275 hostis
583 1209 755 1275 missilibus
777 1210 850 1275 telis
872 1210 1023 1276 decertat.

409 1312 440 1379 8.
464 1313 610 1378 Ceterum
632 1315 749 1379 Paetus
771 1315 884 1398 spretis
911 1315 1079 1398 ominibus,
1108 1313 1244 1380 necdum
1266 1315 1347 1382 satis

305 1417 437 1482 firmatis
455 1417 678 1499 hibernaculis,
700 1419 788 1483 nullo
802 1420 849 1483 roi
862 1419 1086 1484 frumentariae
1101 1420 1237 1504 provisu,
1260 1421 1349 1504 rapit

305 1521 477 1587 exercitum
492 1529 580 1587 trans
594 1528 735 1587 montem
751 1523 891 1587 Taurum
912 1523 1136 1609 reciperandis,
1159 1530 1195 1589 ut
1210 1524 1346 1609 ferebat,

304 1626 538 1708 Tigranocertis
559 1626 786 1709 vastandisque
813 1627 1003 1710 regionibns,
1034 1646 1113 1709 quas
1138 1627 1273 1693 Corbulo
1298 1629 1349 1693 ins

303 1735 411 1813 tegras
432 1730 598 1794 omisisset.
637 1736 669 1795 et
692 1737 787 1815 capta
810 1729 969 1814 quaedam
992 1732 1132 1816 castella,
1159 1731 1346 1815 gloriaeque

305 1840 337 1898 et
363 1833 500 1918 praedae
527 1833 671 1899 nonnihil
697 1842 833 1918 partum,
861 1835 888 1899 si
914 1840 970 1899 aut
991 1836 1123 1919 gloriam
1152 1855 1224 1900 cum
1248 1834 1345 1901 modo

304 1944 359 2003 aut
385 1936 538 2022 praedam
564 1958 637 2003 cum
663 1958 739 2003 cura
766 1937 937 2004 habuisset.
975 1939 1155 2023 longinquis
1180 1939 1346 2005 itineribus

286 2039 288 2042 ’
303 2041 526 2127 percursando,
542 2061 623 2124 quae
642 2042 777 2107 obtineri
792 2043 975 2125 nequibant,
991 2049 1146 2127 corrupto,
1164 2043 1217 2125 qui
1233 2049 1348 2127 captus

304 2153 381 2232 erat,
405 2153 583 2212 commeatu
606 2153 638 2211 et
652 2146 792 2212 instante
812 2148 875 2212 iam
891 2147 1005 2231 hieme,
1028 2148 1154 2213 reduxit
1170 2149 1346 2214 exercitum

304 2252 529 2336 conposuitque
558 2249 601 2314 ad
627 2250 795 2316 Gaesarem
823 2251 941 2316 litteras
962 2252 1052 2333 quasi
1079 2251 1222 2317 confecto
1249 2252 1345 2337 bello,

304 2355 408 2421 verbis
431 2354 616 2437 magnificis,
640 2375 744 2421 rerum
767 2374 895 2421 vacuas.

161 2474 256 2520 corono
409 2459 439 2523 9.
466 2459 597 2523 Interim
619 2457 755 2524 Corbulo
777 2479 950 2541 numquam
973 2459 1152 2542 neglectam
1174 2457 1346 2543 Euphratis

175 2543 244 2598 'mm
305 2565 407 2648 ripam
422 2563 629 2629 crebrioribus
647 2563 812 2647 praesidiis
826 2563 955 2647 insedit;
978 2570 1011 2629 et
1025 2584 1068 2628 ne
1083 2563 1171 2648 ponti
1185 2562 1346 2628 iniciendo

147 2613 276 2736 fitam
305 2667 569 2752 impedimentum
591 2667 722 2733 hostiles
743 2674 866 2732 turmae
888 2666 1049 2732 adferrent
1073 2667 1150 2753 (iam
1165 2667 1251 2732 enim
1272 2667 1346 2732 sub·

154 2751 267 2866 '‘Q“
304 2770 396 2835 iectis
418 2770 537 2855 campis
564 2790 681 2853 magna
707 2772 813 2855 specie
835 2770 1035 2856 volitabant),
1063 2790 1164 2836 naves
1191 2771 1346 2853 magnitu-

131 2890 287 2944 oacotrc.
305 2874 379 2940 dine
405 2880 604 2958 praestantes
632 2881 664 2939 et
685 2894 822 2940 conexas
845 2874 989 2940 trabibus
1015 2895 1053 2939 ao
1075 2875 1212 2939 turribus
1234 2881 1347 2942 auctas

305 2980 371 3063 agit
393 2999 450 3063 per
472 2997 598 3043 amnem
622 2979 852 3063 catapultisque
879 2986 911 3044 et
932 2980 1066 3045 ballistis
1088 2980 1253 3063 proturbat
1275 2978 1346 3043 bar-

304 3084 406 3167 baros,
429 3083 463 3147 in
478 3102 556 3164 quos
578 3102 657 3148 saxa
677 3089 709 3148 et
725 3083 838 3149 hastae
860 3083 984 3166 longius
1007 3083 1223 3168 permeabant,
1248 3102 1346 3165 qnam

304 3193 338 3252 ut
360 3187 516 3252 contrario
539 3187 726 3269 sagittarum
751 3188 837 3253 iactu
865 3187 1128 3268 adaequarentur.
1166 3186 1241 3251 dein
1263 3205 1346 3271 pons

305 3292 514 3374 continuatus,
546 3292 704 3372 collesque
730 3291 858 3357 adversi
884 3311 940 3375 per
963 3290 1064 3357 socias
1088 3289 1241 3374 cohortes,
1271 3297 1346 3375 post

304 3395 465 3479 legionum
487 3395 598 3459 castris
620 3403 821 3479 occupantur,
849 3402 940 3460 tanta
966 3396 1127 3461 celeritate
1155 3401 1187 3460 et
1209 3400 1347 3460 ostenta·

304 3500 389 3565 tione
404 3501 527 3583 virium,
551 3507 586 3565 ut
605 3500 715 3565 Parthi
737 3501 852 3565 omisso
874 3506 988 3584 paratu
1009 3498 1211 3565 invadendae
1233 3499 1345 3565 Suriae

305 3624 393 3688 spem
410 3623 536 3669 omnem
551 3604 583 3668 in
596 3603 781 3669 Armeniam
797 3610 969 3689 verterent3
990 3603 1045 3669 ubi
1060 3604 1176 3669 Paetus
1189 3603 1345 3667 inminen-

304 3707 385 3773 tium
405 3708 531 3772 nescius
545 3708 688 3789 quintam
710 3708 870 3790 legionem
893 3709 1001 3792 procul
1018 3708 1053 3772 in
1071 3708 1173 3773 Ponto
1193 3706 1343 3791 habebat,

305 3810 442 3891 reliquas
453 3811 617 3895 promiscis
629 3811 764 3876 militnm
772 3812 1000 3877 commeatibus
1010 3811 1345 3895 infirmaverat,donec

306 3913 479 3977 adventare
498 3914 677 3995 Vologesen
697 3936 813 3998 magno
838 3922 868 3981 et
891 3916 1017 3981 infenso
1040 3915 1168 3998 agmine
1189 3915 1343 3982 auditum.
