2984 4275
480 169 504 207 a.
516 153 550 210 U.
563 169 585 208 c.
598 157 658 210 817.
682 170 709 223 p.
722 154 786 210 Chr.
798 157 840 211 64.
1118 140 1177 204 131

140 326 356 392 recordatione
378 347 553 409 numquam
575 329 686 394 timore
702 349 831 413 vacuus,
855 329 992 395 deseruit
1007 331 1178 415 inceptum,

140 437 274 495 ounotas
296 430 357 496 sibi
383 450 474 496 curas
500 452 608 497 amore
635 434 758 516 patriae
785 435 918 500 leviores
940 433 1099 500 dictitans.
1136 435 1179 500 vi·

140 534 226 600 disse
250 541 387 600 maestos
406 535 523 624 civium
537 537 653 618 vultus,
677 537 787 603 audire
805 545 942 604 secretas
958 539 1177 621 querimonias,

140 638 226 720 quod
255 645 379 705 tantum
409 639 530 706 itineris
560 640 701 706 aditurus
731 648 823 726 esset,
855 643 944 707 cuius
972 663 1014 707 ne
1040 641 1179 708 modicos

140 742 271 823 quidem
308 763 454 826 egressus
490 744 675 828 tolerarent,
720 746 801 810 sueti
844 745 1013 812 adversum
1049 746 1178 811 fortuita

140 853 272 930 aspectu
293 846 443 932 principis
465 848 610 913 refoveri.
649 868 725 931 ergo
748 856 782 914 ut
803 849 837 914 in
859 850 990 934 privatis
1011 851 1178 916 necessitu-

25 966 27 1039 ξ
138 949 268 1016 dinibus
289 951 434 1034 proxima
456 952 589 1035 pignora
615 953 845 1036 praevalerent,
873 954 918 1018 ita
939 954 973 1018 in
994 974 1028 1019 re
1050 955 1178 1039 publica

25 1082 26 1107 2
139 1055 292 1139 populum
311 1056 489 1120 Romanum
511 1057 576 1121 vim
598 1057 766 1140 plurimam
787 1057 916 1143 babere,
938 1054 1179 1143 parendumque

138 1159 297 1223 retinenti.
314 1158 393 1224 baec
408 1165 504 1241 atque
518 1160 596 1224 talia
612 1160 697 1244 plebi
711 1161 851 1227 volentia
865 1161 962 1245 fuere,
979 1162 1177 1246 voluptatum

25 1248 26 1261 ¹
138 1262 287 1346 cupidine
310 1269 350 1345 et,
381 1282 462 1345 quae
490 1264 661 1349 praecipua
688 1284 764 1330 cura
791 1272 847 1349 est,
880 1266 927 1330 rei
952 1265 1177 1332 frumentariae

137 1367 312 1451 angustias,
341 1367 369 1433 si
395 1366 530 1452 abesset,
559 1368 721 1433 metuenti.
760 1377 888 1434 senatus
915 1377 947 1435 et
969 1371 1121 1455 primores
1144 1372 1177 1435 in

25 1490 27 1515 ³
137 1470 257 1536 incerto
272 1477 371 1555 erant,
394 1472 503 1555 procul
517 1493 558 1536 an
575 1492 682 1539 eoram
697 1473 831 1538 atrocior
845 1473 1027 1539 baberetur:
1051 1474 1175 1559 dehinc,

136 1593 218 1655 quae
241 1581 355 1639 natura
378 1575 503 1658 magnis
533 1576 707 1660 timoribus,
735 1576 872 1642 deterius
899 1578 1070 1644 credebant
1091 1579 1177 1662 quod

136 1685 298 1745 evenerat.

243 1783 295 1848 37.
319 1784 391 1868 Ipse
406 1803 467 1865 quo
482 1782 578 1849 fidem
593 1784 773 1867 adquireret
787 1784 867 1849 nibil
888 1806 1022 1868 usquam
1043 1788 1175 1872 perinde
1232 1786 1314 1853 bruta

25 1962 26 1975 χ
138 1889 258 1952 laetum
282 1887 351 1971 sibi,
380 1887 512 1971 publicis
535 1889 610 1954 locis
632 1896 754 1954 struere
776 1888 922 1955 convivia
945 1897 1073 1973 totaque
1096 1892 1173 1957 urbe
1227 1867 1317 1984 {23}

25 1984 26 1989 ’
135 1992 227 2075 quasi
254 1992 346 2057 domo
375 1991 429 2056 uti.
468 1998 500 2057 et
527 1992 750 2058 celeberrimae
780 1995 857 2058 luxu
884 1993 1033 2077 famaque
1059 1996 1173 2080 epulae
1195 2008 1289 2063 tutat
1302 2010 1343 2055 ao

25 2167 26 2174 χ
136 2095 236 2179 fuere,
266 2114 391 2177 quasa
418 2095 575 2178 Tigellino
602 2103 730 2180 paratas
761 2104 795 2162 ut
819 2099 999 2183 exemplum
1027 2099 1171 2184 referam,
1196 2077 1342 2131 *mmm

135 2221 176 2266 ne
205 2200 331 2284 saepius
364 2199 480 2265 eadem
509 2200 708 2285 prodigentia
741 2201 901 2266 narranda
930 2203 979 2267 sit.
1017 2203 1112 2286 igitur
1140 2206 1173 2269 in

134 2310 250 2387 stagno
272 2304 432 2389 Agrippae
455 2303 628 2370 fabricatus
655 2313 703 2371 est
725 2313 837 2391 ratem,
865 2305 916 2371 cui
942 2308 1174 2391 superpositum

135 2408 316 2474 convivium
338 2410 467 2474 navium
489 2408 621 2474 aliarum
643 2416 745 2474 tractu
768 2416 954 2476 moveretur.
978 2431 1078 2477 naves
1097 2432 1173 2478 auro

134 2519 166 2577 et
196 2511 293 2577 ebore
323 2512 498 2594 distinctae,
532 2513 730 2596 remigesque
760 2514 876 2579 exoleti
904 2534 962 2598 per
990 2522 1113 2582 aetates
1142 2523 1173 2581 et

133 2615 300 2682 scientiam
333 2616 498 2682 libidinum
534 2616 812 2700 componebantur.
851 2619 993 2684 volucres
1025 2627 1057 2685 et
1090 2620 1173 2686 feras

132 2720 266 2785 diversis
288 2721 411 2785 eterris
434 2729 465 2784 et
487 2721 639 2785 animalia
662 2721 758 2787 maris
780 2720 908 2788 Oceano
930 2722 1073 2807 abusque
1095 2724 1172 2809 peti-

130 2832 232 2890 verat.
258 2824 470 2908 crepidinibus
485 2826 589 2907 stagni
611 2826 777 2909 lupanaria
796 2825 966 2891 adstabant
988 2827 1172 2895 inlustribus

131 2929 258 2994 feminis
281 2930 447 3013 completa,
472 2936 504 2994 et
527 2935 636 2994 contra
659 2936 762 2994 scorta
785 2930 970 2996 visebantur
991 2932 1085 2997 nudis
1107 2953 1173 2998 cor·

130 3034 271 3117 poribus.
308 3032 373 3096 iam
395 3039 502 3115 gestus
525 3039 689 3114 motusque
712 3033 854 3119 obsceni;
885 3041 917 3099 et
940 3042 1106 3119 postquam
1128 3044 1171 3117 te-

130 3138 250 3203 nebrae
265 3135 466 3219 incedebant,
487 3143 640 3217 quantum
658 3138 748 3202 iuxta
767 3139 903 3203 nemoris
921 3145 954 3204 et
973 3140 1170 3206 circumiecta

129 3246 215 3305 tecta
238 3259 411 3306 consonare
434 3246 529 3304 oantu
552 3246 583 3305 et
613 3240 783 3306 luminibus
805 3242 986 3309 clarescere.
1024 3244 1091 3327 ipse
1113 3265 1170 3329 per
1276 3241 1278 3244 ’

130 3344 217 3410 licita
227 3350 324 3427 atque
335 3343 456 3409 inlicita
471 3343 618 3410 foedatus
629 3344 708 3409 nibil
722 3343 834 3428 flagitii
845 3346 1022 3431 reliquerat,
1035 3367 1168 3429 quooor·

130 3449 250 3533 ruptior
263 3455 382 3531 ageret,
400 3447 462 3512 nisi
477 3468 595 3533 pauoos
611 3455 683 3532 post
697 3448 766 3514 dies
781 3450 836 3513 nni
851 3451 961 3515 exilio
977 3452 1168 3516 contamina·

129 3558 338 3636 torumgrege
350 3552 689 3637 (nomenPytbagorae
701 3552 775 3637 fuit)
784 3553 817 3618 in
828 3553 957 3619 modum
969 3555 1168 3619 sollemnium

128 3656 345 3740 coniugiorum
367 3655 575 3741 denupsisset.
615 3656 751 3721 inditum
772 3658 953 3742 imperatori
973 3657 1165 3742 flammeum,

124 3761 187 3827 risi
213 3762 369 3845 auspices,
400 3761 456 3826 dos
486 3768 518 3825 et
541 3760 676 3843 genialis
705 3767 792 3827 torus
822 3768 853 3826 et
880 3761 966 3826 faces
995 3762 1165 3848 nuptiales,

130 3872 243 3931 cuncta
258 3865 395 3947 denique
409 3871 563 3948 spectata,
584 3883 666 3946 quae
681 3865 778 3929 etiam
793 3864 826 3928 in
841 3865 960 3930 femina
975 3886 1039 3930 nox
1055 3865 1163 3949 operit.

1030 3969 1061 4019 9*
