2984 4275
299 178 322 242 4
530 195 579 249 Ab
599 209 716 249 excessu
733 194 767 248 D.
779 193 907 263 Augusti
925 193 967 247 XI
986 196 1081 249 7-10.

128 386 165 430 so
185 385 283 430 earcuo
299 369 505 452 praesumat?
528 368 599 432 usui
621 376 653 433 et
675 366 771 432 rebus
794 367 970 433 subsidium
993 367 1187 451 praeparari,
1212 369 1341 450 nequis

136 455 276 576 ,nssffim
299 471 407 556 inopia
423 472 650 537 advocatorum
669 471 853 555 potentibus
868 472 1025 536 obnoxius
1040 472 1089 535 sit.
1113 490 1217 552 neque
1231 478 1341 535 tamen

128 595 167 638 aa
183 594 283 647 onustas
301 575 513 657 eloquentiam
536 576 673 659 gratuito
697 575 894 656 contingere:
917 575 1019 639 omitti
1042 593 1134 638 curas
1156 573 1338 656 familiares,

140 659 271 785 0⁸02}ssstst
299 684 335 743 ut
358 679 427 762 quis
450 698 484 743 se
503 679 616 743 alienis
637 678 773 761 negotiis
795 677 949 742 intendat.
973 678 1088 742 multos
1104 677 1226 760 militia,
1250 697 1340 759 quos·

185 801 230 854 aa
301 781 376 847 dam
403 782 581 848 exercendo
608 802 701 865 agros
728 782 864 847 tolerare
885 783 999 846 vitam:
1030 781 1109 846 nihil
1138 801 1339 865 aquoquam

301 888 408 971 expeti
430 888 491 952 nisi
513 887 602 951 cuius
625 887 744 951 fructus
767 891 842 951 ante
863 885 1045 969 providerit.
1078 885 1172 950 facile
1194 885 1338 951 Asinium

300 997 332 1055 et
362 991 558 1071 Messallam,
593 990 676 1054 inter
705 990 879 1054 Antonium
913 996 945 1054 et
973 990 1151 1072 Augustum
1185 990 1339 1055 bellorum

298 1094 448 1178 praemiis
470 1093 613 1177 refertae,
641 1099 696 1157 aut
719 1093 831 1157 ditium
854 1092 1050 1157 familiarum
1072 1092 1206 1158 heredes
1229 1093 1340 1158 Aeser·

300 1198 393 1261 uiuos
416 1204 448 1261 et
470 1196 636 1261 Arruntios
665 1216 817 1278 magnum
840 1197 982 1260 animum
1005 1196 1155 1261 induisse.
1194 1205 1339 1281 prompta

301 1301 360 1366 sibi
384 1301 542 1384 exempla,
567 1301 693 1383 quantis
715 1300 914 1365 mercedibus
930 1301 963 1364 P.
977 1299 1105 1365 Clodius
1127 1307 1183 1364 aut
1197 1301 1230 1366 G.
1247 1300 1339 1366 Gurio

300 1405 476 1469 contionari
502 1405 586 1468 soliti
613 1405 684 1468 sint.
723 1423 758 1468 se
785 1405 925 1469 modicos
951 1409 1124 1485 senatores,
1156 1405 1210 1486 qui
1234 1406 1341 1488 quieta

300 1508 486 1592 republica
513 1508 602 1571 nulla
624 1508 687 1572 nisi
712 1507 801 1591 pacis
824 1508 1040 1572 emolumenta
1066 1514 1220 1592 peterent.
1260 1510 1341 1591 cogi-

299 1618 382 1677 taret
403 1612 539 1696 plebem,
571 1631 653 1692 quae
680 1617 755 1693 toga
778 1612 978 1676 enitesceret:
1009 1612 1143 1677 sublatis
1167 1611 1341 1684 studiorum

299 1716 410 1799 pretiis
433 1715 529 1779 etiam
552 1714 656 1779 studia
677 1715 826 1799 peritura.
861 1721 896 1779 ut
918 1716 1023 1779 minus
1046 1715 1162 1780 decora
1184 1716 1273 1799 haec,
1296 1717 1341 1780 ita

300 1817 387 1882 haud
420 1818 538 1883 frustra
570 1817 656 1882 dicta
687 1819 836 1902 princeps
870 1826 966 1901 ratus,
1002 1818 1164 1902 capiendis
1197 1821 1341 1904 pecuniis

301 1923 411 1987 statuit
440 1923 570 1988 modurn
601 1941 699 2004 usque
729 1922 772 1986 ad
799 1922 883 1987 dena
910 1923 1065 2004 sestertia,
1097 1943 1192 2004 quern
1221 1924 1342 2006 egressi

301 2026 549 2110 repetundarum
572 2032 764 2091 tenerentur.

133 2146 275 2199 miserrmus
404 2130 434 2195 8.
481 2129 547 2196 Sub
582 2130 667 2195 idem
705 2139 830 2216 tempus
863 2129 1074 2210 Mithridates,
1114 2152 1208 2216 quem
1244 2133 1340 2215 impe·

144 2216 263 2331 {ma}
300 2235 411 2299 ritasse
433 2235 593 2303 Armeniis
620 2236 768 2318 iussuque
796 2234 857 2299 Gai
883 2235 1028 2299 Caesaris
1056 2235 1197 2300 vinetum
1224 2256 1342 2299 memo-

166 2353 242 2409 rata
299 2339 378 2421 ravi,
410 2345 560 2403 monente
587 2338 719 2403 Claudio
746 2339 779 2402 in
805 2357 938 2421 regnum
966 2340 1129 2421 remeavit,
1162 2338 1238 2403 fisus
1261 2339 1341 2403 Pha·

134 2424 282 2547 sstffiffim
300 2443 459 2506 rasmauis
489 2442 610 2524 opibus.
656 2442 684 2505 is
716 2461 774 2505 rex
807 2442 935 2507 Hiberis
968 2441 1116 2524 idemque
1149 2441 1341 2507 Mithrida-tis

126 2564 151 2608 a
169 2564 280 2617 battua.
300 2545 399 2609 frater
426 2545 594 2610 nuntiabat
625 2544 806 2610 discordare
836 2546 970 2609 Parthos
998 2565 1185 2629 summaque
1214 2547 1341 2629 imperii

301 2649 459 2731 ambigua,
492 2649 614 2713 minora
642 2649 709 2713 siue
737 2669 814 2714 cura
840 2649 959 2714 haberi.
999 2669 1072 2713 nam
1103 2649 1252 2714 induerat
1282 2649 1340 2714 Go-

301 2758 403 2816 tarzes
424 2751 576 2836 pleraque
599 2771 711 2836 saeva;
736 2753 812 2834 quin
834 2772 947 2817 necem
970 2751 1060 2816 fratri
1082 2753 1247 2818 Artabano
1270 2773 1340 2817 con-

300 2857 429 2939 iugique
456 2876 494 2919 ac
521 2855 584 2920 filio
613 2858 681 2921 eius
707 2863 886 2940 paraverat,
915 2856 999 2920 uude
1022 2863 1124 2921 metus
1151 2857 1185 2921 in
1208 2863 1339 2939 eeteros,

301 2965 333 3024 et
348 2960 490 3024 accivere
502 2959 683 3024 Vardanen.
708 2961 771 3044 ille,
788 2967 823 3024 ut
839 2966 907 3024 erat
922 2960 1046 3042 magnis
1061 2960 1147 3024 ausis
1166 2967 1339 3043 promptus,

300 3063 398 3129 biduo
420 3064 481 3127 tria
503 3064 590 3127 milia
613 3063 786 3128 stadiorum
808 3062 931 3128 invadit
952 3063 1163 3145 ignarumque
1186 3070 1218 3127 et
1241 3070 1340 3127 exter-

300 3166 395 3231 ritum
408 3166 565 3231 Gotarzen
579 3168 758 3251 proturbat3
775 3186 879 3249 neque
894 3172 1068 3249 cunctatur,
1085 3167 1161 3246 quin
1177 3167 1340 3250 proximas

230 3344 232 3348 ⁸
300 3269 1257 3355 praetecturascorripiat,solisSeleucensibusdominationem
1268 3271 1337 3334 eius

301 3375 523 3440 abnuentibus.
547 3374 581 3437 in
598 3393 685 3455 quos,
707 3379 742 3437 ut
756 3374 855 3457 patris
876 3373 925 3437 sui
941 3393 1066 3456 quoque
1083 3373 1269 3457 defectores,
1293 3373 1341 3437 ira

301 3480 403 3560 magis
414 3499 509 3560 quam
522 3497 562 3542 ex
575 3497 634 3542 usu
645 3477 805 3561 praesenti
818 3496 980 3558 accensus,
990 3478 1162 3560 inplicatur
1176 3477 1340 3542 obsidione

302 3583 389 3647 urbis
415 3581 543 3646 validae
570 3588 601 3645 et
627 3580 831 3661 munimentis
858 3581 973 3646 obiecti
1002 3582 1106 3646 amnis
1133 3600 1286 3663 muroque
1309 3588 1341 3644 et

303 3685 531 3750 commeatibus
542 3682 694 3749 firmatae.
708 3685 835 3748 interim
844 3683 994 3749 Gotarzes
1002 3684 1165 3748 Daharum
1178 3685 1340 3767 Hyrcano·

301 3807 433 3868 rumque
445 3788 557 3871 opibus
568 3794 679 3852 auctus
691 3788 811 3853 bellum
823 3795 964 3869 renovat,
977 3794 1166 3871 coactusque
1175 3788 1341 3852 Vardanes

302 3891 447 3956 omittere
458 3890 637 3955 Seleuciam
647 3891 832 3955 Bactrianos
843 3890 930 3974 apud
940 3911 1070 3974 campos
1082 3898 1187 3957 castra
1198 3890 1339 3956 contulit.
