2984 4275
324 145 366 208 74
548 159 597 214 Ab
617 175 732 213 excessu
751 159 784 213 D.
798 159 925 228 Augusti
943 160 1015 213 XIII
1034 163 1145 214 43-46,

322 334 503 399 Cornelium
517 335 643 418 Lupum
660 335 901 417 circumventae,
917 336 982 398 iam
997 334 1138 416 equitum
1152 334 1368 398 Romanorum

323 440 453 521 agmina
476 439 628 502 damnata
650 458 840 520 omnemque
856 437 981 502 Claudii
1004 437 1170 502 saevitiam
1187 436 1299 501 Suillio
1315 436 1369 501 ob-

322 543 494 607 lectabant.
519 542 573 607 ille
589 541 667 606 nihil
684 562 724 605 ex
740 543 791 606 his
807 550 919 625 sponte
934 549 1126 625 susceptum,
1151 542 1208 605 sed
1231 541 1369 625 principi

322 646 463 730 paruisse
486 646 690 729 defendebat,
719 646 821 709 donec
844 666 916 710 earn
943 647 1120 710 orationem
1142 646 1261 709 Caesar
1283 646 1366 709 cohi-

322 750 400 834 buit,
425 758 619 834 compertum
643 749 703 814 sibi
726 750 867 813 referens
890 770 930 813 ex
946 749 1179 813 commentariis
1202 750 1301 832 patris
1316 751 1366 814 sui

321 855 441 918 nullam
476 854 661 937 cuiusquam
695 854 930 918 accusationem
963 855 1004 918 ab
1039 873 1077 917 eo
1107 860 1257 917 coactam.
1297 860 1364 917 tum

320 957 408 1022 iussa
430 958 619 1022 Messalinae
642 957 807 1040 praetendi
830 965 862 1022 et
883 959 992 1022 labare
1015 957 1173 1022 defensio:
1201 978 1256 1021 cur
1279 956 1365 1020 enirn

321 1062 482 1125 neminem
503 1061 600 1124 alium
616 1062 782 1145 delectum,
807 1062 862 1142 qui
884 1062 1037 1126 saevienti
1059 1061 1238 1145 impudicae
1253 1081 1364 1126 vocem

321 1166 509 1249 praeberet?
533 1164 712 1248 puniendos
726 1186 832 1229 rerum
847 1167 999 1231 atrocium
1015 1166 1184 1248 ministrae,
1197 1166 1252 1230 ubi
1263 1166 1365 1249 pretia

321 1269 474 1332 scelerum
491 1269 599 1352 adepti
614 1269 736 1332 scelera
751 1270 822 1352 ipsa
837 1269 908 1334 aliis
924 1270 1081 1353 delegant.
1101 1271 1199 1352 igitur
1213 1269 1364 1352 adempta

321 1373 473 1438 bonorum
506 1380 595 1456 parte
632 1373 719 1455 (nam
750 1371 814 1437 lilio
842 1380 873 1436 et
904 1374 992 1458 nepti
1015 1393 1087 1456 pars
1117 1372 1362 1456 concedebatur,

321 1476 605 1559 eximebanturque
628 1477 724 1539 etiam
740 1496 821 1559 quae
846 1483 1036 1542 testamento
1059 1478 1170 1541 matris
1192 1485 1248 1540 aut
1270 1478 1362 1541 aviac

320 1583 521 1664 acceperant)
545 1580 578 1644 in
592 1580 712 1645 insulas
734 1581 885 1645 Baleares
908 1582 1044 1665 pellitur,
1068 1602 1132 1645 non
1154 1580 1276 1663 inipso
1299 1579 1361 1644 dis·

320 1685 461 1767 crimine,
485 1705 548 1749 non
569 1692 640 1768 post
662 1685 899 1749 damnationem
915 1685 1033 1749 fractus
1048 1685 1168 1766 anim03
1191 1684 1362 1748 ferebatur-

320 1808 381 1871 que
398 1788 524 1871 copiosa
540 1796 571 1852 et
586 1789 674 1853 molli
689 1790 757 1853 vita
773 1796 930 1853 secretum
946 1789 1024 1853 illud
1043 1788 1236 1853 toleravissc.
1262 1788 1361 1852 filium

320 1893 386 1956 eins
406 1893 607 1957 Nerullinum
628 1892 786 1975 adgressis
802 1893 1040 1958 accusatoribus
1063 1912 1120 1975 per
1134 1892 1289 1956 invidiam
1309 1913 1362 1975 pa-

126 1980 130 1987 ’
217 2058 219 2060 ,
319 1995 375 2060 tris
403 2003 434 2060 et
457 1997 590 2060 erimina
616 1996 873 2080 repetundarum,
902 1997 1081 2061 intercessit
1108 1997 1257 2079 princeps
1284 2002 1362 2058 tarn·

170 2214 277 2260 brioniae

180 2284 269 2337 scotto

172 2354 276 2399 auertet

159 2422 193 2467 tlt
206 2423 289 2476 brutia

167 2493 210 2537 unt
225 2493 279 2538 utri

166 2563 285 2608 seruauit.

320 2086 415 2182 quarn
438 2101 516 2164 satis
540 2100 668 2184 expleta
691 2101 820 2165 ultione.

423 2205 475 2268 44.
509 2205 570 2268 Per
591 2204 677 2268 idem
703 2212 827 2288 tempus
850 2203 1001 2269 Octavius
1029 2205 1153 2287 Sagitta
1180 2205 1286 2288 plebei
1309 2204 1361 2267 tri-

318 2310 433 2391 bunns,
455 2309 588 2373 Pontiae
604 2310 744 2373 mulieris
760 2316 879 2392 nuptae
895 2330 1000 2374 amore
1015 2330 1155 2391 vaecors,
1178 2308 1361 2392 ingentibus

319 2413 409 2478 donis
432 2413 622 2477 adulterium
645 2421 677 2477 et
699 2433 783 2495 mox,
807 2420 842 2476 ut
858 2414 1016 2476 omitteret
1040 2414 1197 2497 maritum,
1223 2432 1360 2477 emerca-

319 2524 379 2599 tur,
400 2516 741 2581 suum‘matrimonium
756 2516 943 2599 promittens
958 2536 996 2579 ac
1012 2516 1138 2599 nuptias
1154 2516 1222 2580 eius
1237 2522 1358 2599 pactus.

320 2622 376 2686 sed
392 2621 447 2685 nbi
463 2621 574 2684 mulier
587 2641 690 2686 vacua
705 2621 774 2702 fuit,
799 2626 924 2685 nectere
940 2640 1053 2704 moras,
1077 2621 1245 2685 adversam
1261 2621 1360 2703 patris

318 2726 513 2790 voluntatem
536 2724 658 2788 causari
686 2730 875 2808 repertaque
903 2743 959 2807 spe
982 2725 1101 2788 ditioris
1128 2724 1271 2806 coniugis
1293 2744 1360 2807 pro·

319 2830 416 2893 missa
438 2847 564 2892 exuere.
588 2826 739 2892 Octavius
762 2835 872 2892 contra
892 2829 986 2892 modo
1006 2828 1165 2912 conqueri,
1188 2827 1283 2892 modo
1307 2829 1360 2891 mi·

318 2932 422 3015 uitari,
450 2931 568 2995 lamam
591 2931 758 3016 perditam,
787 2933 954 3015 pecuniam
978 2931 1165 2996 exhaustam
1188 2932 1359 3014 obtestans

319 3035 456 3118 denique
482 3037 626 3116 salutem,
660 3056 742 3118 quae
770 3037 838 3099 sola
865 3036 986 3119 reliqna
1014 3043 1105 3118 esset,
1137 3035 1266 3100 arbitrio
1294 3036 1361 3099 eius

319 3141 514 3222 permittens.
553 3160 590 3203 ac
614 3145 782 3223 postquam
806 3139 1022 3223 spernebatur,
1051 3147 1175 3203 noctem
1197 3159 1296 3203 unam
1319 3138 1360 3202 ad

319 3231 470 3308 solacium
492 3243 602 3328 poscit,
632 3264 695 3326 qua
722 3242 879 3307 delenitus
908 3244 1036 3307 modum
1062 3243 1096 3306 in
1124 3249 1284 3326 posterum
1307 3242 1359 3306 ad-

318 3347 450 3412 hiberet.
475 3348 623 3411 statuitur
644 3367 717 3428 nor,
742 3355 773 3411 et
795 3347 909 3411 Pontia
932 3348 1077 3412 consciae
1093 3347 1236 3434 *ancillae
1260 3354 1360 3412 eusto-

318 3452 403 3516 diam
427 3452 563 3516 cubiculi
587 3451 727 3517 mandat.
751 3453 805 3516 ille
827 3471 891 3516 uno
907 3472 979 3517 cum
1002 3452 1116 3517 liberto
1139 3452 1257 3516 ferrum
1272 3459 1360 3516 veste

318 3557 474 3620 occultum
496 3556 601 3620 infert.
633 3563 709 3639 tum,
733 3563 769 3619 ut
792 3555 914 3620 adsolet
935 3557 979 3631 in¹
992 3577 1099 3620 amore
1123 3562 1155 3620 et
1176 3556 1233 3639 ira,
1257 3556 1360 3639 iurgia

317 3680 437 3745 preces,
449 3661 660 3743 ,exprobratio
677 3660 861 3741 satisfactio,
879 3666 911 3723 et
926 3680 1000 3742 pars
1016 3660 1219 3724 tenebrarum
1235 3659 1361 3724 libidini

318 3764 470 3850 seposita,
499 3785 539 3828 ex
563 3784 626 3847 qna
652 3764 800 3828 incensus
825 3763 902 3826 nihil
930 3770 1123 3827 metuentem
1150 3763 1233 3828 ferro
1261 3770 1360 3828 trans-

318 3868 465 3932 verberat
488 3875 520 3932 et
541 3877 758 3932 accurrentem
781 3868 930 3933 ancillam
947 3868 1077 3931 vnlnere
1100 3868 1255 3932 absterret
1277 3867 1360 3932 cubi·
