<?xml version="1.0" encoding="UTF-8"?>
<!DOCTYPE html PUBLIC "-//W3C//DTD XHTML 1.0 Transitional//EN"
    "http://www.w3.org/TR/xhtml1/DTD/xhtml1-transitional.dtd">
<html xmlns="http://www.w3.org/1999/xhtml" xml:lang="en" lang="en">
 <head>
  <title>
</title>
<meta http-equiv="Content-Type" content="text/html;charset=utf-8" />
  <meta name='ocr-system' content='tesseract 3.04.00' />
  <meta name='ocr-capabilities' content='ocr_page ocr_carea ocr_par ocr_line ocrx_word'/>
</head>
<body>
  <div class='ocr_page' id='page_1' title='image "./dieannalendespc00chrigoog_0125.png"; bbox 0 0 2984 4275; ppageno 0'>
   <div class='ocr_carea' id='block_1_1' title="bbox 267 87 1076 174">
    <p class='ocr_par' dir='ltr' id='par_1_1' title="bbox 267 87 1076 174">
     <span class='ocr_line' id='line_1_1' title="bbox 267 87 1076 174; baseline 0.011 -23"><span class='ocrx_word' id='word_1_1' title='bbox 267 87 329 152; x_wconf 87' lang='lat'>104</span> <span class='ocrx_word' id='word_1_2' title='bbox 489 103 538 158; x_wconf 88' lang='lat' dir='ltr'>Ab</span> <span class='ocrx_word' id='word_1_3' title='bbox 557 119 672 160; x_wconf 84' lang='lat' dir='ltr'>excessu</span> <span class='ocrx_word' id='word_1_4' title='bbox 690 104 723 160; x_wconf 90' lang='lat' dir='ltr'>D.</span> <span class='ocrx_word' id='word_1_5' title='bbox 732 104 859 174; x_wconf 89' lang='lat' dir='ltr'>Augusti</span> <span class='ocrx_word' id='word_1_6' title='bbox 877 105 948 160; x_wconf 90' lang='lat' dir='ltr'>XIV</span> <span class='ocrx_word' id='word_1_7' title='bbox 965 108 1076 162; x_wconf 79' lang='lat'>44-49.</span> 
     </span>
    </p>
   </div>
   <div class='ocr_carea' id='block_1_2' title="bbox 98 277 1309 3790">
    <p class='ocr_par' dir='ltr' id='par_1_2' title="bbox 263 277 1309 1399">
     <span class='ocr_line' id='line_1_2' title="bbox 264 277 1308 362; baseline 0.003 -21"><span class='ocrx_word' id='word_1_8' title='bbox 264 277 386 361; x_wconf 83' lang='lat' dir='ltr'>anxios,</span> <span class='ocrx_word' id='word_1_9' title='bbox 411 283 579 362; x_wconf 90' lang='lat' dir='ltr'>postremo,</span> <span class='ocrx_word' id='word_1_10' title='bbox 607 278 634 343; x_wconf 88' lang='lat' dir='ltr'>si</span> <span class='ocrx_word' id='word_1_11' title='bbox 655 277 853 362; x_wconf 90' lang='lat' dir='ltr'>pereundum</span> <span class='ocrx_word' id='word_1_12' title='bbox 875 278 925 361; x_wconf 92' lang='lat' dir='ltr'>sit,</span> <span class='ocrx_word' id='word_1_13' title='bbox 948 297 1012 343; x_wconf 88' lang='lat' dir='ltr'>non</span> <span class='ocrx_word' id='word_1_14' title='bbox 1034 278 1126 344; x_wconf 89' lang='lat' dir='ltr'>inulti</span> <span class='ocrx_word' id='word_1_15' title='bbox 1148 279 1231 345; x_wconf 90' lang='lat' dir='ltr'>inter</span> <span class='ocrx_word' id='word_1_16' title='bbox 1253 299 1308 345; x_wconf 91' lang='lat' dir='ltr'>no·</span> 
     </span>
     <span class='ocr_line' id='line_1_3' title="bbox 264 381 1309 467; baseline 0.003 -21"><span class='ocrx_word' id='word_1_17' title='bbox 264 387 371 446; x_wconf 90' lang='lat' dir='ltr'>centes</span> <span class='ocrx_word' id='word_1_18' title='bbox 393 400 498 464; x_wconf 90' lang='lat' dir='ltr'>agere.</span> <span class='ocrx_word' id='word_1_19' title='bbox 527 388 675 466; x_wconf 87' lang='lat' dir='ltr'>suspecta</span> <span class='ocrx_word' id='word_1_20' title='bbox 695 381 867 446; x_wconf 87' lang='lat' dir='ltr'>maioribus</span> <span class='ocrx_word' id='word_1_21' title='bbox 889 381 1004 447; x_wconf 87' lang='lat' dir='ltr'>nostris</span> <span class='ocrx_word' id='word_1_22' title='bbox 1026 382 1153 448; x_wconf 84' lang='lat' dir='ltr'>fuerunt</span> <span class='ocrx_word' id='word_1_23' title='bbox 1175 384 1309 467; x_wconf 85' lang='lat' dir='ltr'>ingenia</span> 
     </span>
     <span class='ocr_line' id='line_1_4' title="bbox 265 485 1305 568; baseline 0.004 -19"><span class='ocrx_word' id='word_1_24' title='bbox 265 504 434 567; x_wconf 88' lang='lat' dir='ltr'>servorum,</span> <span class='ocrx_word' id='word_1_25' title='bbox 458 485 555 550; x_wconf 89' lang='lat' dir='ltr'>etiam</span> <span class='ocrx_word' id='word_1_26' title='bbox 577 504 649 550; x_wconf 92' lang='lat' dir='ltr'>cum</span> <span class='ocrx_word' id='word_1_27' title='bbox 671 485 704 550; x_wconf 91' lang='lat' dir='ltr'>in</span> <span class='ocrx_word' id='word_1_28' title='bbox 725 486 810 568; x_wconf 85' lang='lat' dir='ltr'>agris</span> <span class='ocrx_word' id='word_1_29' title='bbox 831 492 886 550; x_wconf 87' lang='lat' dir='ltr'>aut</span> <span class='ocrx_word' id='word_1_30' title='bbox 908 486 1053 552; x_wconf 83' lang='lat' dir='ltr'>domibus</span> <span class='ocrx_word' id='word_1_31' title='bbox 1075 487 1176 552; x_wconf 92' lang='lat' dir='ltr'>isdem</span> <span class='ocrx_word' id='word_1_32' title='bbox 1198 508 1305 553; x_wconf 85' lang='lat' dir='ltr'>nasce</span> 
     </span>
     <span class='ocr_line' id='line_1_5' title="bbox 265 589 1304 675; baseline 0.005 -23"><span class='ocrx_word' id='word_1_33' title='bbox 265 595 375 654; x_wconf 91' lang='lat' dir='ltr'>rentur</span> <span class='ocrx_word' id='word_1_34' title='bbox 396 589 623 671; x_wconf 79' lang='lat' dir='ltr'>caritatemque</span> <span class='ocrx_word' id='word_1_35' title='bbox 646 589 844 655; x_wconf 93' lang='lat' dir='ltr'>dominorum</span> <span class='ocrx_word' id='word_1_36' title='bbox 866 590 972 655; x_wconf 88' lang='lat' dir='ltr'>statim</span> <span class='ocrx_word' id='word_1_37' title='bbox 994 590 1184 674; x_wconf 78' lang='lat' dir='ltr'>acciperent.</span> <span class='ocrx_word' id='word_1_38' title='bbox 1222 607 1304 675; x_wconf 82' lang='lat' dir='ltr'>post-</span> 
     </span>
     <span class='ocr_line' id='line_1_6' title="bbox 265 692 1306 778; baseline 0.001 -21"><span class='ocrx_word' id='word_1_39' title='bbox 265 712 362 774; x_wconf 90' lang='lat' dir='ltr'>quam</span> <span class='ocrx_word' id='word_1_40' title='bbox 384 713 460 758; x_wconf 87' lang='lat' dir='ltr'>vero</span> <span class='ocrx_word' id='word_1_41' title='bbox 482 693 628 758; x_wconf 87' lang='lat' dir='ltr'>nationes</span> <span class='ocrx_word' id='word_1_42' title='bbox 650 692 683 758; x_wconf 93' lang='lat' dir='ltr'>in</span> <span class='ocrx_word' id='word_1_43' title='bbox 706 692 836 759; x_wconf 86' lang='lat' dir='ltr'>familiis</span> <span class='ocrx_word' id='word_1_44' title='bbox 858 694 1023 778; x_wconf 88' lang='lat' dir='ltr'>habemus,</span> <span class='ocrx_word' id='word_1_45' title='bbox 1053 694 1167 775; x_wconf 90' lang='lat' dir='ltr'>quibus</span> <span class='ocrx_word' id='word_1_46' title='bbox 1189 694 1306 759; x_wconf 89' lang='lat' dir='ltr'>diversi</span> 
     </span>
     <span class='ocr_line' id='line_1_7' title="bbox 264 797 1305 881; baseline 0.001 -20"><span class='ocrx_word' id='word_1_47' title='bbox 264 797 352 881; x_wconf 89' lang='lat' dir='ltr'>ritus,</span> <span class='ocrx_word' id='word_1_48' title='bbox 376 804 508 863; x_wconf 83' lang='lat' dir='ltr'>externa</span> <span class='ocrx_word' id='word_1_49' title='bbox 529 817 621 863; x_wconf 89' lang='lat' dir='ltr'>sacra</span> <span class='ocrx_word' id='word_1_50' title='bbox 642 803 698 863; x_wconf 89' lang='lat' dir='ltr'>aut</span> <span class='ocrx_word' id='word_1_51' title='bbox 718 797 807 862; x_wconf 87' lang='lat' dir='ltr'>nulla</span> <span class='ocrx_word' id='word_1_52' title='bbox 828 804 912 879; x_wconf 92' lang='lat' dir='ltr'>sunt,</span> <span class='ocrx_word' id='word_1_53' title='bbox 935 797 1112 862; x_wconf 84' lang='lat' dir='ltr'>conluviem</span> <span class='ocrx_word' id='word_1_54' title='bbox 1131 798 1227 863; x_wconf 89' lang='lat' dir='ltr'>istam</span> <span class='ocrx_word' id='word_1_55' title='bbox 1241 819 1305 864; x_wconf 91' lang='lat' dir='ltr'>non</span> 
     </span>
     <span class='ocr_line' id='line_1_8' title="bbox 266 890 1306 986; baseline 0.002 -22"><span class='ocrx_word' id='word_1_56' title='bbox 266 900 326 965; x_wconf 92' lang='lat' dir='ltr'>nisi</span> <span class='ocrx_word' id='word_1_57' title='bbox 348 908 437 966; x_wconf 88' lang='lat' dir='ltr'>metu</span> <span class='ocrx_word' id='word_1_58' title='bbox 459 902 643 968; x_wconf 71' lang='lat' dir='ltr'>coercueris.</span> <span class='ocrx_word' id='word_1_59' title='bbox 670 907 704 966; x_wconf 87' lang='lat' dir='ltr'>at</span> <span class='ocrx_word' id='word_1_60' title='bbox 726 901 857 985; x_wconf 88' lang='lat' dir='ltr'>quidam</span> <span class='ocrx_word' id='word_1_61' title='bbox 879 890 1021 968; x_wconf 78' lang='lat' dir='ltr'>insontes</span> <span class='ocrx_word' id='word_1_62' title='bbox 1043 903 1201 986; x_wconf 86' lang='lat' dir='ltr'>peribunt.</span> <span class='ocrx_word' id='word_1_63' title='bbox 1229 922 1306 966; x_wconf 91' lang='lat' dir='ltr'>nam</span> 
     </span>
     <span class='ocr_line' id='line_1_9' title="bbox 265 1004 1305 1090; baseline 0.001 -21"><span class='ocrx_word' id='word_1_64' title='bbox 265 1010 297 1069; x_wconf 91' lang='lat' dir='ltr'>et</span> <span class='ocrx_word' id='word_1_65' title='bbox 324 1024 365 1070; x_wconf 84' lang='lat' dir='ltr'>ex</span> <span class='ocrx_word' id='word_1_66' title='bbox 392 1005 463 1071; x_wconf 86' lang='lat' dir='ltr'>fuso</span> <span class='ocrx_word' id='word_1_67' title='bbox 490 1005 628 1071; x_wconf 83' lang='lat' dir='ltr'>exercitu</span> <span class='ocrx_word' id='word_1_68' title='bbox 656 1027 727 1071; x_wconf 91' lang='lat' dir='ltr'>cum</span> <span class='ocrx_word' id='word_1_69' title='bbox 754 1004 896 1070; x_wconf 87' lang='lat' dir='ltr'>decimus</span> <span class='ocrx_word' id='word_1_70' title='bbox 922 1006 1055 1087; x_wconf 89' lang='lat' dir='ltr'>quisque</span> <span class='ocrx_word' id='word_1_71' title='bbox 1082 1004 1158 1070; x_wconf 87' lang='lat' dir='ltr'>iusti</span> <span class='ocrx_word' id='word_1_72' title='bbox 1184 1005 1305 1090; x_wconf 88' lang='lat' dir='ltr'>feritur,</span> 
     </span>
     <span class='ocr_line' id='line_1_10' title="bbox 263 1107 1306 1191; baseline 0.001 -19"><span class='ocrx_word' id='word_1_73' title='bbox 263 1107 361 1172; x_wconf 89' lang='lat' dir='ltr'>etiam</span> <span class='ocrx_word' id='word_1_74' title='bbox 388 1109 509 1173; x_wconf 88' lang='lat' dir='ltr'>strenui</span> <span class='ocrx_word' id='word_1_75' title='bbox 535 1109 713 1175; x_wconf 86' lang='lat' dir='ltr'>sortiuntur.</span> <span class='ocrx_word' id='word_1_76' title='bbox 753 1108 850 1174; x_wconf 89' lang='lat' dir='ltr'>babet</span> <span class='ocrx_word' id='word_1_77' title='bbox 872 1108 993 1191; x_wconf 90' lang='lat' dir='ltr'>aliquid</span> <span class='ocrx_word' id='word_1_78' title='bbox 1019 1130 1061 1175; x_wconf 86' lang='lat' dir='ltr'>ex</span> <span class='ocrx_word' id='word_1_79' title='bbox 1080 1109 1188 1190; x_wconf 89' lang='lat' dir='ltr'>iniquo</span> <span class='ocrx_word' id='word_1_80' title='bbox 1211 1129 1306 1174; x_wconf 91' lang='lat' dir='ltr'>omne</span> 
     </span>
     <span class='ocr_line' id='line_1_11' title="bbox 264 1212 1306 1296; baseline 0.002 -22"><span class='ocrx_word' id='word_1_81' title='bbox 264 1231 416 1294; x_wconf 88' lang='lat' dir='ltr'>magnum</span> <span class='ocrx_word' id='word_1_82' title='bbox 446 1212 636 1295; x_wconf 81' lang='lat' dir='ltr'>exemplum,</span> <span class='ocrx_word' id='word_1_83' title='bbox 667 1213 753 1296; x_wconf 93' lang='lat' dir='ltr'>quod</span> <span class='ocrx_word' id='word_1_84' title='bbox 779 1220 889 1278; x_wconf 89' lang='lat' dir='ltr'>contra</span> <span class='ocrx_word' id='word_1_85' title='bbox 919 1212 1059 1295; x_wconf 87' lang='lat' dir='ltr'>singulos</span> <span class='ocrx_word' id='word_1_86' title='bbox 1089 1213 1223 1277; x_wconf 87' lang='lat' dir='ltr'>utilitate</span> <span class='ocrx_word' id='word_1_87' title='bbox 1249 1232 1306 1296; x_wconf 95' lang='lat' dir='ltr'>pu-</span> 
     </span>
     <span class='ocr_line' id='line_1_12' title="bbox 263 1312 571 1399; baseline 0 -20"><span class='ocrx_word' id='word_1_88' title='bbox 263 1314 347 1379; x_wconf 88' lang='lat' dir='ltr'>blica</span> <span class='ocrx_word' id='word_1_89' title='bbox 368 1312 571 1399; x_wconf 71' lang='lat' dir='ltr'>rependitur?</span> 
     </span>
    </p>

    <p class='ocr_par' dir='ltr' id='par_1_3' title="bbox 137 1418 1306 1486">
     <span class='ocr_line' id='line_1_13' title="bbox 137 1418 1306 1486; baseline 0.001 -4"><span class='ocrx_word' id='word_1_90' title='bbox 137 1428 199 1482; x_wconf 62' lang='lat' dir='ltr'>slot</span> <span class='ocrx_word' id='word_1_91' title='bbox 369 1418 423 1484; x_wconf 79' lang='lat'>45.</span> <span class='ocrx_word' id='word_1_92' title='bbox 461 1419 645 1485; x_wconf 84' lang='lat' dir='ltr'>Sententiae</span> <span class='ocrx_word' id='word_1_93' title='bbox 675 1420 776 1486; x_wconf 77' lang='lat' dir='ltr'>Cassii</span> <span class='ocrx_word' id='word_1_94' title='bbox 809 1428 845 1485; x_wconf 92' lang='lat' dir='ltr'>ut</span> <span class='ocrx_word' id='word_1_95' title='bbox 877 1441 971 1485; x_wconf 90' lang='lat' dir='ltr'>nemo</span> <span class='ocrx_word' id='word_1_96' title='bbox 1005 1440 1087 1486; x_wconf 90' lang='lat' dir='ltr'>unus</span> <span class='ocrx_word' id='word_1_97' title='bbox 1120 1427 1230 1486; x_wconf 88' lang='lat' dir='ltr'>contra</span> <span class='ocrx_word' id='word_1_98' title='bbox 1259 1419 1306 1484; x_wconf 89' lang='lat' dir='ltr'>ire</span> 
     </span>
    </p>

    <p class='ocr_par' dir='ltr' id='par_1_4' title="bbox 107 1497 1307 1612">
     <span class='ocr_line' id='line_1_14' title="bbox 107 1497 1307 1612; baseline 0.001 -25"><span class='ocrx_word' id='word_1_99' title='bbox 107 1497 232 1612; x_wconf 52' lang='lat' dir='ltr'>{ffilffl</span> <span class='ocrx_word' id='word_1_100' title='bbox 267 1542 363 1588; x_wconf 88' lang='lat' dir='ltr'>ausus</span> <span class='ocrx_word' id='word_1_101' title='bbox 386 1529 442 1606; x_wconf 88' lang='lat' dir='ltr'>est,</span> <span class='ocrx_word' id='word_1_102' title='bbox 465 1523 511 1588; x_wconf 87' lang='lat' dir='ltr'>ita</span> <span class='ocrx_word' id='word_1_103' title='bbox 533 1523 680 1590; x_wconf 76' lang='lat' dir='ltr'>dissonae</span> <span class='ocrx_word' id='word_1_104' title='bbox 695 1545 789 1591; x_wconf 86' lang='lat' dir='ltr'>voces</span> <span class='ocrx_word' id='word_1_105' title='bbox 811 1524 1047 1610; x_wconf 86' lang='lat' dir='ltr'>respondebant</span> <span class='ocrx_word' id='word_1_106' title='bbox 1067 1544 1235 1590; x_wconf 87' lang='lat' dir='ltr'>numerum</span> <span class='ocrx_word' id='word_1_107' title='bbox 1251 1531 1307 1588; x_wconf 90' lang='lat' dir='ltr'>aut</span> 
     </span>
    </p>

    <p class='ocr_par' dir='ltr' id='par_1_5' title="bbox 109 1628 1306 1712">
     <span class='ocr_line' id='line_1_15' title="bbox 109 1628 1306 1712; baseline 0.002 -22"><span class='ocrx_word' id='word_1_108' title='bbox 109 1642 234 1690; x_wconf 61' lang='lat' dir='ltr'>errorores</span> <span class='ocrx_word' id='word_1_109' title='bbox 267 1631 405 1692; x_wconf 85' lang='lat' dir='ltr'>aetatem</span> <span class='ocrx_word' id='word_1_110' title='bbox 427 1633 483 1691; x_wconf 88' lang='lat' dir='ltr'>aut</span> <span class='ocrx_word' id='word_1_111' title='bbox 497 1647 608 1692; x_wconf 82' lang='lat' dir='ltr'>sexum</span> <span class='ocrx_word' id='word_1_112' title='bbox 628 1649 667 1693; x_wconf 91' lang='lat' dir='ltr'>ac</span> <span class='ocrx_word' id='word_1_113' title='bbox 681 1629 885 1712; x_wconf 89' lang='lat' dir='ltr'>plurimorum</span> <span class='ocrx_word' id='word_1_114' title='bbox 903 1628 1067 1693; x_wconf 89' lang='lat' dir='ltr'>indubiam</span> <span class='ocrx_word' id='word_1_115' title='bbox 1091 1628 1306 1693; x_wconf 87' lang='lat' dir='ltr'>innocentiam</span> 
     </span>
    </p>

    <p class='ocr_par' dir='ltr' id='par_1_6' title="bbox 124 1708 1309 2649">
     <span class='ocr_line' id='line_1_16' title="bbox 124 1708 1305 1818; baseline 0 -23"><span class='ocrx_word' id='word_1_116' title='bbox 124 1708 215 1751; x_wconf 55' lang='lat' dir='ltr'>”mm</span> <span class='ocrx_word' id='word_1_117' title='bbox 265 1730 498 1797; x_wconf 87' lang='lat' dir='ltr'>miserantium:</span> <span class='ocrx_word' id='word_1_118' title='bbox 532 1733 709 1815; x_wconf 89' lang='lat' dir='ltr'>praevaluit</span> <span class='ocrx_word' id='word_1_119' title='bbox 742 1739 849 1798; x_wconf 92' lang='lat' dir='ltr'>tamen</span> <span class='ocrx_word' id='word_1_120' title='bbox 882 1752 965 1818; x_wconf 83' lang='lat' dir='ltr'>pare,</span> <span class='ocrx_word' id='word_1_121' title='bbox 1000 1752 1082 1814; x_wconf 91' lang='lat' dir='ltr'>quae</span> <span class='ocrx_word' id='word_1_122' title='bbox 1115 1731 1305 1815; x_wconf 87' lang='lat' dir='ltr'>supplicium</span> 
     </span>
     <span class='ocr_line' id='line_1_17' title="bbox 265 1834 1306 1921; baseline 0 -22"><span class='ocrx_word' id='word_1_123' title='bbox 265 1834 465 1900; x_wconf 87' lang='lat' dir='ltr'>decernebat.</span> <span class='ocrx_word' id='word_1_124' title='bbox 516 1835 573 1900; x_wconf 88' lang='lat' dir='ltr'>sed</span> <span class='ocrx_word' id='word_1_125' title='bbox 606 1836 818 1919; x_wconf 85' lang='lat' dir='ltr'>obtemperari</span> <span class='ocrx_word' id='word_1_126' title='bbox 850 1858 914 1901; x_wconf 92' lang='lat' dir='ltr'>non</span> <span class='ocrx_word' id='word_1_127' title='bbox 947 1842 1080 1921; x_wconf 88' lang='lat' dir='ltr'>poterat,</span> <span class='ocrx_word' id='word_1_128' title='bbox 1115 1835 1306 1918; x_wconf 84' lang='lat' dir='ltr'>conglobata</span> 
     </span>
     <span class='ocr_line' id='line_1_18' title="bbox 266 1938 1308 2024; baseline 0.001 -21"><span class='ocrx_word' id='word_1_129' title='bbox 266 1938 467 2004; x_wconf 90' lang='lat' dir='ltr'>multitudine</span> <span class='ocrx_word' id='word_1_130' title='bbox 494 1945 526 2004; x_wconf 88' lang='lat' dir='ltr'>ct</span> <span class='ocrx_word' id='word_1_131' title='bbox 553 1959 695 2004; x_wconf 81' lang='lat' dir='ltr'>saraae</span> <span class='ocrx_word' id='word_1_132' title='bbox 722 1940 809 2006; x_wconf 86' lang='lat' dir='ltr'>faces</span> <span class='ocrx_word' id='word_1_133' title='bbox 836 1942 987 2007; x_wconf 86' lang='lat' dir='ltr'>minante.</span> <span class='ocrx_word' id='word_1_134' title='bbox 1025 1947 1094 2004; x_wconf 92' lang='lat' dir='ltr'>tum</span> <span class='ocrx_word' id='word_1_135' title='bbox 1116 1939 1233 2004; x_wconf 80' lang='lat' dir='ltr'>Caesar</span> <span class='ocrx_word' id='word_1_136' title='bbox 1255 1959 1308 2024; x_wconf 93' lang='lat' dir='ltr'>po-</span> 
     </span>
     <span class='ocr_line' id='line_1_19' title="bbox 250 2042 1309 2128; baseline -0.001 -21"><span class='ocrx_word' id='word_1_137' title='bbox 250 2044 376 2128; x_wconf 82' lang='lat' dir='ltr'>&#39;pulum</span> <span class='ocrx_word' id='word_1_138' title='bbox 406 2043 510 2109; x_wconf 87' lang='lat' dir='ltr'>edicto</span> <span class='ocrx_word' id='word_1_139' title='bbox 540 2043 696 2128; x_wconf 88' lang='lat' dir='ltr'>increpuit</span> <span class='ocrx_word' id='word_1_140' title='bbox 724 2050 820 2126; x_wconf 90' lang='lat' dir='ltr'>atque</span> <span class='ocrx_word' id='word_1_141' title='bbox 850 2063 944 2109; x_wconf 92' lang='lat' dir='ltr'>omne</span> <span class='ocrx_word' id='word_1_142' title='bbox 973 2044 1042 2125; x_wconf 91' lang='lat' dir='ltr'>iter,</span> <span class='ocrx_word' id='word_1_143' title='bbox 1074 2062 1136 2124; x_wconf 93' lang='lat' dir='ltr'>quo</span> <span class='ocrx_word' id='word_1_144' title='bbox 1164 2042 1309 2107; x_wconf 84' lang='lat' dir='ltr'>damnati</span> 
     </span>
     <span class='ocr_line' id='line_1_20' title="bbox 265 2147 1308 2234; baseline -0.004 -21"><span class='ocrx_word' id='word_1_145' title='bbox 265 2149 308 2213; x_wconf 93' lang='lat' dir='ltr'>ad</span> <span class='ocrx_word' id='word_1_146' title='bbox 340 2168 476 2232; x_wconf 87' lang='lat' dir='ltr'>poenam</span> <span class='ocrx_word' id='word_1_147' title='bbox 510 2148 716 2231; x_wconf 86' lang='lat' dir='ltr'>ducebantur,</span> <span class='ocrx_word' id='word_1_148' title='bbox 756 2149 943 2215; x_wconf 85' lang='lat' dir='ltr'>militaribus</span> <span class='ocrx_word' id='word_1_149' title='bbox 979 2147 1146 2234; x_wconf 86' lang='lat' dir='ltr'>praesidiis</span> <span class='ocrx_word' id='word_1_150' title='bbox 1179 2147 1308 2231; x_wconf 87' lang='lat' dir='ltr'>saepsit.</span> 
     </span>
     <span class='ocr_line' id='line_1_21' title="bbox 265 2250 1308 2337; baseline -0.003 -20"><span class='ocrx_word' id='word_1_151' title='bbox 265 2260 434 2318; x_wconf 88' lang='lat' dir='ltr'>censuerat</span> <span class='ocrx_word' id='word_1_152' title='bbox 455 2252 628 2336; x_wconf 77' lang='lat' dir='ltr'>Cingonius</span> <span class='ocrx_word' id='word_1_153' title='bbox 649 2253 758 2337; x_wconf 88' lang='lat' dir='ltr'>Varro,</span> <span class='ocrx_word' id='word_1_154' title='bbox 795 2259 830 2318; x_wconf 91' lang='lat' dir='ltr'>ut</span> <span class='ocrx_word' id='word_1_155' title='bbox 859 2253 964 2319; x_wconf 90' lang='lat' dir='ltr'>liberti</span> <span class='ocrx_word' id='word_1_156' title='bbox 994 2271 1128 2335; x_wconf 89' lang='lat' dir='ltr'>quoque,</span> <span class='ocrx_word' id='word_1_157' title='bbox 1164 2252 1218 2332; x_wconf 91' lang='lat' dir='ltr'>qui</span> <span class='ocrx_word' id='word_1_158' title='bbox 1247 2250 1308 2316; x_wconf 90' lang='lat' dir='ltr'>sub</span> 
     </span>
     <span class='ocr_line' id='line_1_22' title="bbox 265 2354 1308 2442; baseline -0.003 -21"><span class='ocrx_word' id='word_1_159' title='bbox 265 2356 378 2421; x_wconf 91' lang='lat' dir='ltr'>eodem</span> <span class='ocrx_word' id='word_1_160' title='bbox 399 2363 482 2423; x_wconf 91' lang='lat' dir='ltr'>tecto</span> <span class='ocrx_word' id='word_1_161' title='bbox 505 2356 649 2442; x_wconf 86' lang='lat' dir='ltr'>fuissent,</span> <span class='ocrx_word' id='word_1_162' title='bbox 672 2357 767 2422; x_wconf 85' lang='lat' dir='ltr'>ltalia</span> <span class='ocrx_word' id='word_1_163' title='bbox 790 2357 1039 2441; x_wconf 86' lang='lat' dir='ltr'>deportarentur.</span> <span class='ocrx_word' id='word_1_164' title='bbox 1067 2356 1101 2420; x_wconf 94' lang='lat' dir='ltr'>id</span> <span class='ocrx_word' id='word_1_165' title='bbox 1122 2376 1142 2419; x_wconf 87' lang='lat' dir='ltr'>a</span> <span class='ocrx_word' id='word_1_166' title='bbox 1164 2354 1308 2440; x_wconf 91' lang='lat' dir='ltr'>principe</span> 
     </span>
     <span class='ocr_line' id='line_1_23' title="bbox 265 2459 1308 2546; baseline -0.003 -21"><span class='ocrx_word' id='word_1_167' title='bbox 265 2460 459 2544; x_wconf 91' lang='lat' dir='ltr'>prohibitum</span> <span class='ocrx_word' id='word_1_168' title='bbox 481 2468 539 2546; x_wconf 91' lang='lat' dir='ltr'>est,</span> <span class='ocrx_word' id='word_1_169' title='bbox 562 2483 603 2528; x_wconf 91' lang='lat' dir='ltr'>ne</span> <span class='ocrx_word' id='word_1_170' title='bbox 624 2482 691 2528; x_wconf 92' lang='lat' dir='ltr'>mos</span> <span class='ocrx_word' id='word_1_171' title='bbox 706 2462 864 2545; x_wconf 88' lang='lat' dir='ltr'>antiquus,</span> <span class='ocrx_word' id='word_1_172' title='bbox 888 2482 982 2544; x_wconf 89' lang='lat' dir='ltr'>quem</span> <span class='ocrx_word' id='word_1_173' title='bbox 1005 2459 1220 2525; x_wconf 89' lang='lat' dir='ltr'>misericordia</span> <span class='ocrx_word' id='word_1_174' title='bbox 1243 2478 1308 2522; x_wconf 92' lang='lat' dir='ltr'>non</span> 
     </span>
     <span class='ocr_line' id='line_1_24' title="bbox 266 2565 949 2649; baseline 0.006 -22"><span class='ocrx_word' id='word_1_175' title='bbox 266 2565 432 2648; x_wconf 88' lang='lat' dir='ltr'>minuerat,</span> <span class='ocrx_word' id='word_1_176' title='bbox 456 2584 513 2649; x_wconf 91' lang='lat' dir='ltr'>per</span> <span class='ocrx_word' id='word_1_177' title='bbox 535 2565 701 2631; x_wconf 86' lang='lat' dir='ltr'>saevitiam</span> <span class='ocrx_word' id='word_1_178' title='bbox 725 2565 949 2631; x_wconf 88' lang='lat' dir='ltr'>intenderetur.</span> 
     </span>
    </p>

    <p class='ocr_par' dir='ltr' id='par_1_7' title="bbox 144 2667 1308 2749">
     <span class='ocr_line' id='line_1_25' title="bbox 144 2667 1308 2749; baseline 0 -19"><span class='ocrx_word' id='word_1_179' title='bbox 144 2676 196 2722; x_wconf 62' lang='lat' dir='ltr'>aa</span> <span class='ocrx_word' id='word_1_180' title='bbox 369 2667 422 2732; x_wconf 88' lang='grc'>46.</span> <span class='ocrx_word' id='word_1_181' title='bbox 453 2668 631 2734; x_wconf 87' lang='lat' dir='ltr'>Damnatus</span> <span class='ocrx_word' id='word_1_182' title='bbox 653 2669 755 2735; x_wconf 89' lang='lat' dir='ltr'>isdem</span> <span class='ocrx_word' id='word_1_183' title='bbox 777 2670 958 2735; x_wconf 85' lang='lat' dir='ltr'>oonsulibus</span> <span class='ocrx_word' id='word_1_184' title='bbox 978 2667 1160 2749; x_wconf 85' lang='lat' dir='ltr'>Tarquitius</span> <span class='ocrx_word' id='word_1_185' title='bbox 1181 2667 1308 2732; x_wconf 89' lang='lat' dir='ltr'>Priscus</span> 
     </span>
    </p>

    <p class='ocr_par' dir='ltr' id='par_1_8' title="bbox 116 2745 1307 2861">
     <span class='ocr_line' id='line_1_26' title="bbox 116 2745 1307 2861; baseline 0 -27"><span class='ocrx_word' id='word_1_186' title='bbox 116 2745 228 2861; x_wconf 47' lang='lat' dir='ltr'>ww</span> <span class='ocrx_word' id='word_1_187' title='bbox 267 2770 514 2853; x_wconf 87' lang='lat' dir='ltr'>repetundarum</span> <span class='ocrx_word' id='word_1_188' title='bbox 543 2772 692 2856; x_wconf 88' lang='lat' dir='ltr'>Bithynis</span> <span class='ocrx_word' id='word_1_189' title='bbox 721 2772 999 2856; x_wconf 84' lang='lat' dir='ltr'>interrogantibus,</span> <span class='ocrx_word' id='word_1_190' title='bbox 1035 2791 1151 2854; x_wconf 89' lang='lat' dir='ltr'>magno</span> <span class='ocrx_word' id='word_1_191' title='bbox 1181 2777 1307 2855; x_wconf 85' lang='lat' dir='ltr'>patrum</span> 
     </span>
    </p>

    <p class='ocr_par' dir='ltr' id='par_1_9' title="bbox 98 2874 1307 2964">
     <span class='ocr_line' id='line_1_27' title="bbox 98 2874 1307 2964; baseline -0.001 -26"><span class='ocrx_word' id='word_1_192' title='bbox 98 2883 240 2964; x_wconf 56' lang='lat' dir='ltr'>ratpotone.</span> <span class='ocrx_word' id='word_1_193' title='bbox 266 2874 393 2959; x_wconf 86' lang='lat' dir='ltr'>gaudie,</span> <span class='ocrx_word' id='word_1_194' title='bbox 416 2877 471 2956; x_wconf 94' lang='lat' dir='ltr'>qui</span> <span class='ocrx_word' id='word_1_195' title='bbox 492 2884 673 2942; x_wconf 88' lang='lat' dir='ltr'>accusatum</span> <span class='ocrx_word' id='word_1_196' title='bbox 695 2878 737 2943; x_wconf 90' lang='lat' dir='ltr'>ab</span> <span class='ocrx_word' id='word_1_197' title='bbox 761 2898 798 2943; x_wconf 90' lang='lat' dir='ltr'>eo</span> <span class='ocrx_word' id='word_1_198' title='bbox 821 2876 980 2942; x_wconf 81' lang='lat' dir='ltr'>Statilium</span> <span class='ocrx_word' id='word_1_199' title='bbox 995 2877 1135 2940; x_wconf 84' lang='lat' dir='ltr'>Taurum</span> <span class='ocrx_word' id='word_1_200' title='bbox 1157 2895 1213 2959; x_wconf 91' lang='lat' dir='ltr'>pro</span> <span class='ocrx_word' id='word_1_201' title='bbox 1236 2893 1307 2938; x_wconf 92' lang='lat' dir='ltr'>con-</span> 
     </span>
    </p>

    <p class='ocr_par' dir='ltr' id='par_1_10' title="bbox 104 2952 1307 3376">
     <span class='ocr_line' id='line_1_28' title="bbox 104 2952 1307 3069; baseline -0.002 -25"><span class='ocrx_word' id='word_1_202' title='bbox 104 2952 238 3069; x_wconf 48' lang='lat' dir='ltr'>,ffmgm</span> <span class='ocrx_word' id='word_1_203' title='bbox 267 2978 336 3044; x_wconf 87' lang='lat' dir='ltr'>sule</span> <span class='ocrx_word' id='word_1_204' title='bbox 357 2979 455 3063; x_wconf 88' lang='lat' dir='ltr'>ipsius</span> <span class='ocrx_word' id='word_1_205' title='bbox 479 2981 696 3046; x_wconf 91' lang='lat' dir='ltr'>meminerant.</span> <span class='ocrx_word' id='word_1_206' title='bbox 725 3001 839 3046; x_wconf 90' lang='lat' dir='ltr'>census</span> <span class='ocrx_word' id='word_1_207' title='bbox 861 3000 918 3065; x_wconf 92' lang='lat' dir='ltr'>per</span> <span class='ocrx_word' id='word_1_208' title='bbox 939 2980 1060 3047; x_wconf 80' lang='lat' dir='ltr'>Gallias</span> <span class='ocrx_word' id='word_1_209' title='bbox 1081 2999 1102 3042; x_wconf 89' lang='lat' dir='ltr'>a</span> <span class='ocrx_word' id='word_1_210' title='bbox 1124 2977 1162 3055; x_wconf 80' lang='lat' dir='ltr'>Q.</span> <span class='ocrx_word' id='word_1_211' title='bbox 1178 2977 1307 3043; x_wconf 88' lang='lat' dir='ltr'>Volusio</span> 
     </span>
     <span class='ocr_line' id='line_1_29' title="bbox 266 3080 1307 3167; baseline -0.004 -19"><span class='ocrx_word' id='word_1_212' title='bbox 266 3089 299 3148; x_wconf 91' lang='lat' dir='ltr'>et</span> <span class='ocrx_word' id='word_1_213' title='bbox 314 3082 422 3149; x_wconf 85' lang='lat' dir='ltr'>Sextio</span> <span class='ocrx_word' id='word_1_214' title='bbox 433 3083 582 3150; x_wconf 83' lang='lat' dir='ltr'>Africano</span> <span class='ocrx_word' id='word_1_215' title='bbox 597 3085 820 3167; x_wconf 84' lang='lat' dir='ltr'>Trebellioque</span> <span class='ocrx_word' id='word_1_216' title='bbox 835 3084 974 3149; x_wconf 85' lang='lat' dir='ltr'>Maximo</span> <span class='ocrx_word' id='word_1_217' title='bbox 989 3083 1052 3148; x_wconf 86' lang='lat' dir='ltr'>acti</span> <span class='ocrx_word' id='word_1_218' title='bbox 1067 3086 1151 3166; x_wconf 86' lang='lat' dir='ltr'>sunt,</span> <span class='ocrx_word' id='word_1_219' title='bbox 1174 3080 1307 3145; x_wconf 88' lang='lat' dir='ltr'>aemulis</span> 
     </span>
     <span class='ocr_line' id='line_1_30' title="bbox 265 3185 1307 3272; baseline -0.003 -20"><span class='ocrx_word' id='word_1_220' title='bbox 265 3188 348 3252; x_wconf 89' lang='lat' dir='ltr'>inter</span> <span class='ocrx_word' id='word_1_221' title='bbox 369 3207 404 3252; x_wconf 89' lang='lat' dir='ltr'>se</span> <span class='ocrx_word' id='word_1_222' title='bbox 425 3208 482 3272; x_wconf 92' lang='lat' dir='ltr'>per</span> <span class='ocrx_word' id='word_1_223' title='bbox 504 3189 701 3254; x_wconf 88' lang='lat' dir='ltr'>nobilitatem</span> <span class='ocrx_word' id='word_1_224' title='bbox 723 3188 852 3255; x_wconf 91' lang='lat' dir='ltr'>Volusio</span> <span class='ocrx_word' id='word_1_225' title='bbox 874 3196 969 3271; x_wconf 90' lang='lat' dir='ltr'>atque</span> <span class='ocrx_word' id='word_1_226' title='bbox 991 3187 1156 3252; x_wconf 89' lang='lat' dir='ltr'>Africano:</span> <span class='ocrx_word' id='word_1_227' title='bbox 1179 3185 1307 3251; x_wconf 91' lang='lat' dir='ltr'>Trebel-</span> 
     </span>
     <span class='ocr_line' id='line_1_31' title="bbox 265 3291 1069 3376; baseline 0.004 -22"><span class='ocrx_word' id='word_1_228' title='bbox 265 3291 342 3355; x_wconf 94' lang='lat' dir='ltr'>lium</span> <span class='ocrx_word' id='word_1_229' title='bbox 365 3291 440 3357; x_wconf 92' lang='lat' dir='ltr'>dum</span> <span class='ocrx_word' id='word_1_230' title='bbox 463 3298 595 3374; x_wconf 88' lang='lat' dir='ltr'>uterquc</span> <span class='ocrx_word' id='word_1_231' title='bbox 619 3292 819 3376; x_wconf 81' lang='lat' dir='ltr'>dedignatur,</span> <span class='ocrx_word' id='word_1_232' title='bbox 843 3311 938 3376; x_wconf 87' lang='lat' dir='ltr'>supra</span> <span class='ocrx_word' id='word_1_233' title='bbox 960 3293 1069 3357; x_wconf 89' lang='lat' dir='ltr'>tulere.</span> 
     </span>
    </p>

    <p class='ocr_par' dir='ltr' id='par_1_11' title="bbox 121 3394 1306 3477">
     <span class='ocr_line' id='line_1_32' title="bbox 121 3394 1306 3477; baseline 0.004 -26"><span class='ocrx_word' id='word_1_234' title='bbox 121 3407 169 3452; x_wconf 73' lang='lat' dir='ltr'>sno</span> <span class='ocrx_word' id='word_1_235' title='bbox 184 3407 221 3454; x_wconf 74' lang='lat' dir='ltr'>oa</span> <span class='ocrx_word' id='word_1_236' title='bbox 369 3395 421 3462; x_wconf 82' lang='lat'>47.</span> <span class='ocrx_word' id='word_1_237' title='bbox 445 3396 491 3460; x_wconf 85' lang='lat' dir='ltr'>Eo</span> <span class='ocrx_word' id='word_1_238' title='bbox 507 3417 592 3461; x_wconf 88' lang='lat' dir='ltr'>anno</span> <span class='ocrx_word' id='word_1_239' title='bbox 607 3402 741 3461; x_wconf 86' lang='lat' dir='ltr'>mortem</span> <span class='ocrx_word' id='word_1_240' title='bbox 756 3396 834 3461; x_wconf 92' lang='lat' dir='ltr'>obiit</span> <span class='ocrx_word' id='word_1_241' title='bbox 848 3395 1014 3460; x_wconf 90' lang='lat' dir='ltr'>Memmius</span> <span class='ocrx_word' id='word_1_242' title='bbox 1029 3394 1178 3477; x_wconf 83' lang='lat' dir='ltr'>Regulus,</span> <span class='ocrx_word' id='word_1_243' title='bbox 1201 3398 1306 3457; x_wconf 86' lang='lat' dir='ltr'>aucto-</span> 
     </span>
    </p>

    <p class='ocr_par' dir='ltr' id='par_1_12' title="bbox 109 3477 1307 3790">
     <span class='ocr_line' id='line_1_33' title="bbox 109 3477 1307 3600; baseline -0.003 -37"><span class='ocrx_word' id='word_1_244' title='bbox 109 3477 230 3600; x_wconf 49' lang='lat' dir='ltr'>wlff</span> <span class='ocrx_word' id='word_1_245' title='bbox 264 3500 359 3564; x_wconf 89' lang='lat' dir='ltr'>ritate</span> <span class='ocrx_word' id='word_1_246' title='bbox 382 3500 559 3565; x_wconf 88' lang='lat' dir='ltr'>constantia</span> <span class='ocrx_word' id='word_1_247' title='bbox 581 3500 677 3582; x_wconf 84' lang='lat' dir='ltr'>fama,</span> <span class='ocrx_word' id='word_1_248' title='bbox 707 3501 741 3564; x_wconf 92' lang='lat' dir='ltr'>in</span> <span class='ocrx_word' id='word_1_249' title='bbox 764 3508 919 3582; x_wconf 88' lang='lat' dir='ltr'>quantum</span> <span class='ocrx_word' id='word_1_250' title='bbox 941 3497 1187 3584; x_wconf 86' lang='lat' dir='ltr'>praeumbrante</span> <span class='ocrx_word' id='word_1_251' title='bbox 1210 3497 1307 3579; x_wconf 93' lang='lat' dir='ltr'>impe·</span> 
     </span>
     <span class='ocr_line' id='line_1_34' title="bbox 264 3599 1306 3688; baseline -0.003 -22"><span class='ocrx_word' id='word_1_252' title='bbox 264 3603 376 3668; x_wconf 89' lang='lat' dir='ltr'>ratcris</span> <span class='ocrx_word' id='word_1_253' title='bbox 398 3603 526 3687; x_wconf 86' lang='lat' dir='ltr'>fastigio</span> <span class='ocrx_word' id='word_1_254' title='bbox 554 3602 657 3688; x_wconf 88' lang='lat' dir='ltr'>datur,</span> <span class='ocrx_word' id='word_1_255' title='bbox 685 3605 798 3688; x_wconf 87' lang='lat' dir='ltr'>clarus,</span> <span class='ocrx_word' id='word_1_256' title='bbox 826 3603 908 3668; x_wconf 90' lang='lat' dir='ltr'>adeo</span> <span class='ocrx_word' id='word_1_257' title='bbox 938 3609 974 3666; x_wconf 92' lang='lat' dir='ltr'>ut</span> <span class='ocrx_word' id='word_1_258' title='bbox 995 3602 1081 3666; x_wconf 90' lang='lat' dir='ltr'>Nero</span> <span class='ocrx_word' id='word_1_259' title='bbox 1103 3620 1200 3683; x_wconf 88' lang='lat' dir='ltr'>aeger</span> <span class='ocrx_word' id='word_1_260' title='bbox 1221 3599 1306 3664; x_wconf 82' lang='lat' dir='ltr'>rale-</span> 
     </span>
     <span class='ocr_line' id='line_1_35' title="bbox 264 3702 1306 3790; baseline -0.003 -20"><span class='ocrx_word' id='word_1_261' title='bbox 264 3706 385 3788; x_wconf 91' lang='lat' dir='ltr'>tudine,</span> <span class='ocrx_word' id='word_1_262' title='bbox 409 3712 440 3771; x_wconf 87' lang='lat' dir='ltr'>et</span> <span class='ocrx_word' id='word_1_263' title='bbox 462 3706 666 3773; x_wconf 90' lang='lat' dir='ltr'>adulantibus</span> <span class='ocrx_word' id='word_1_264' title='bbox 692 3702 819 3790; x_wconf 86' lang='lat' dir='ltr'>cir&#39;cum,</span> <span class='ocrx_word' id='word_1_265' title='bbox 844 3707 898 3789; x_wconf 93' lang='lat' dir='ltr'>qui</span> <span class='ocrx_word' id='word_1_266' title='bbox 920 3706 1016 3770; x_wconf 89' lang='lat' dir='ltr'>finem</span> <span class='ocrx_word' id='word_1_267' title='bbox 1038 3704 1170 3788; x_wconf 91' lang='lat' dir='ltr'>imperio</span> <span class='ocrx_word' id='word_1_268' title='bbox 1193 3703 1306 3768; x_wconf 88' lang='lat' dir='ltr'>adesse</span> 
     </span>
    </p>
   </div>
   <div class='ocr_carea' id='block_1_3' title="bbox 264 3807 1306 3896">
    <p class='ocr_par' dir='ltr' id='par_1_13' title="bbox 264 3807 1306 3896">
     <span class='ocr_line' id='line_1_36' title="bbox 264 3807 1306 3896; baseline -0.003 -21"><span class='ocrx_word' id='word_1_269' title='bbox 264 3809 424 3894; x_wconf 88' lang='lat' dir='ltr'>dicebant,</span> <span class='ocrx_word' id='word_1_270' title='bbox 448 3810 475 3875; x_wconf 88' lang='lat' dir='ltr'>si</span> <span class='ocrx_word' id='word_1_271' title='bbox 490 3811 567 3891; x_wconf 91' lang='lat' dir='ltr'>quid</span> <span class='ocrx_word' id='word_1_272' title='bbox 588 3811 655 3878; x_wconf 86' lang='lat' dir='ltr'>fato</span> <span class='ocrx_word' id='word_1_273' title='bbox 677 3817 847 3896; x_wconf 86' lang='lat' dir='ltr'>pateretur,</span> <span class='ocrx_word' id='word_1_274' title='bbox 871 3808 1070 3895; x_wconf 88' lang='lat' dir='ltr'>responderit</span> <span class='ocrx_word' id='word_1_275' title='bbox 1092 3807 1211 3873; x_wconf 89' lang='lat' dir='ltr'>habere</span> <span class='ocrx_word' id='word_1_276' title='bbox 1234 3807 1306 3873; x_wconf 88' lang='lat' dir='ltr'>sub-</span> 
     </span>
    </p>
   </div>
   <div class='ocr_carea' id='block_1_4' title="bbox 0 0 1497 4275">
    <p class='ocr_par' dir='ltr' id='par_1_14' title="bbox 0 0 1497 4275">
     <span class='ocr_line' id='line_1_37' title="bbox 0 0 1497 4275; baseline 0 0"><span class='ocrx_word' id='word_1_277' title='bbox 0 0 1497 4275; x_wconf 95' lang='lat' dir='ltr'> </span> 
     </span>
    </p>
   </div>
  </div>
 </body>
</html>
