2984 4275
298 164 340 229 96
521 179 570 234 Ab
589 195 706 234 excessu
724 179 758 234 D.
771 179 899 250 Augusti
916 179 986 235 XIV
1005 182 1116 235 27-32.

298 356 429 438 vincias,
451 354 614 437 inquibus
636 354 795 439 stipendia
814 355 1036 439 expleverant;
1059 372 1163 434 neque
1183 356 1337 439 coniugiis

299 458 505 542 suscipiendis
533 478 637 542 neque
666 459 789 524 alendis
817 458 924 524 liberis
955 459 1037 524 sueti
1067 460 1160 524 orbas
1188 461 1257 524 sine
1282 481 1338 545 po-

297 564 389 629 steris
411 563 521 629 domos
542 563 772 644 relinquebant.
800 582 864 627 non
886 561 980 642 enim,
1004 569 1039 626 ut
1061 561 1146 646 olim,
1169 564 1337 629 universae

297 669 439 752 legiones
465 666 704 733 deducebantur
725 685 797 731 curn
825 665 960 731 tribunis
987 672 1018 730 et
1044 667 1277 733 centurionibus
1304 675 1337 733 et

297 773 346 837 sui
375 772 526 855 cuiusque
556 770 675 835 ordinis
702 769 864 854 militibus,
894 776 930 834 ut
959 789 1115 835 consensu
1144 778 1177 836 11
1206 772 1337 837 caritate

297 895 364 940 rem
392 875 553 959 publicam
583 873 757 958 efficerent,
791 873 847 939 sed
881 874 982 957 ignoti
1012 874 1095 938 inter
1123 895 1168 959 se,
1202 876 1337 942 diversis

297 978 476 1063 manipulis,
500 979 569 1044 sine
591 984 718 1060 rectore,
742 978 810 1042 sine
832 977 1012 1043 adfectibus
1034 978 1158 1063 mutuis,
1182 982 1272 1061 qnasi
1295 1001 1337 1045 ex

296 1085 358 1149 alio
381 1103 497 1167 genere
520 1083 699 1147 mortalium
720 1089 852 1166 repente
867 1082 900 1146 in
915 1096 1015 1147 unum
1030 1083 1161 1169 collecti,
1184 1104 1336 1150 numerus

296 1189 398 1271 magis
422 1206 518 1271 quam
541 1187 673 1251 colonia.

143 1301 259 1356 orbeca
401 1292 453 1356 28.
487 1291 621 1356 Comitia
643 1295 823 1374 praetorum
848 1289 978 1354 arbitrio
1007 1297 1134 1356 senatus
1155 1292 1267 1357 haberi
1289 1311 1336 1357 so·

135 1373 273 1497 affl„
296 1397 361 1480 lita,
389 1395 538 1477 quoniam
565 1395 684 1460 acriore
712 1394 834 1473 ambitu
861 1402 1055 1477 exarserant,
1084 1396 1231 1480 princeps
1253 1416 1336 1461 com-

190 1522 218 1557 ss
296 1500 409 1585 posuit,
437 1499 504 1583 tris,
531 1499 585 1581 qui
607 1519 702 1582 supra
726 1519 892 1564 numerum
918 1499 1078 1582 petebant,
1106 1499 1225 1582 legioni
1247 1521 1335 1583 prae-

135 1581 265 1696 mssffffm‘
297 1604 441 1671 ficiendo.
472 1604 623 1686 auxitque
645 1610 771 1687 patrum
793 1604 944 1670 honorem
966 1604 1143 1688 statuendo,
1167 1610 1210 1688 ut,
1239 1606 1294 1688 qui
1314 1626 1337 1670 a
1375 1637 1380 1642 ·

146 1721 257 1777 11111
297 1709 427 1794 privatis
456 1708 612 1773 iudicibus
642 1708 684 1773 ad
714 1715 859 1772 senatum
892 1708 1158 1790 provocavisscnt,
1192 1709 1336 1774 eiusdem

134 1792 266 1909 {firm
295 1813 451 1899 pecuniae
478 1812 652 1896 periculum
679 1812 833 1893 facerent,
862 1811 951 1876 cuius
978 1812 1005 1876 si
1032 1812 1086 1893 qui
1112 1812 1336 1896 imperatorem

295 1918 506 2002 appellarent,
540 1937 616 1981 nam
646 1923 741 1981 antea
771 1935 906 1981 vacuum
936 1915 969 1979 id
999 1915 1199 1999 solutumque
1230 1937 1337 2000 poena

294 2023 407 2088 fuerat.
446 2020 508 2085 fine
538 2021 614 2085 anni
636 2020 747 2085 Vibius
777 2018 942 2084 Secundus
969 2039 1067 2103 eques
1098 2020 1259 2085 Romanus
1285 2039 1337 2083 ac-

295 2125 478 2193 cusantibus
505 2122 621 2190 Mauris
648 2123 895 2209 repetundarum
923 2123 1092 2188 damnatur
1117 2130 1213 2208 atque
1240 2124 1336 2188 Italia

294 2233 441 2316 exigitur,
461 2251 503 2295 ne
518 2231 663 2312 graviore
677 2249 782 2314 poena
797 2227 994 2311 adficeretur,
1010 2229 1095 2294 Vibii
1110 2228 1211 2313 Crispi
1229 2229 1336 2294 fratris

294 2336 406 2422 opibus
430 2336 544 2400 enisus.

128 2554 271 2610 carbula
398 2543 450 2608 29.
484 2542 660 2609 Caesennio
690 2544 789 2607 Paeto
819 2549 851 2608 et
878 2543 1025 2607 Petronio
1052 2543 1235 2628 Turpiliano
1262 2564 1334 2609 con-

130 2625 269 2739 „mJssm
294 2647 415 2713 sulibus
437 2647 543 2730 gravis
565 2646 671 2712 clades
693 2647 727 2712 11
742 2647 908 2712 Britannia
929 2654 1070 2730 accepta,
1094 2647 1206 2730 inqua
1228 2667 1334 2730 neque

136 2763 259 2808 secantur
294 2753 331 2817 A.
349 2751 460 2817 Didius
482 2752 615 2835 legatus,
639 2752 873 2833 1111111111,
897 2750 959 2815 nisi
983 2758 1075 2835 parta
1095 2753 1277 2837 retinuerat,
1301 2760 1334 2817 et

131 2834 264 2954 soricinus
293 2875 454 2922 successor
472 2856 628 2921 Veranius
650 2855 782 2920 modicis
805 2856 988 2921 excursibus
1010 2854 1130 2921 Siluras
1152 2857 1331 2941 populatus,

166 2967 227 3017 111.
293 2961 369 3041 quin
384 2960 466 3023 ultra
490 2958 606 3023 bellum
628 2958 793 3043 proferret,
817 2965 917 3023 morte
940 2959 1099 3042 pohibitus
1121 2967 1179 3043 est,
1204 2980 1332 3042 magna,

292 3063 369 3129 dum
391 3063 480 3147 vixit,
508 3064 685 3128 severitatis
711 3063 808 3147 fama,
837 3063 991 3147 supremis
1018 3063 1198 3127 testamenti
1225 3064 1333 3129 verbis

292 3167 474 3232 ambitionis
496 3166 695 3232 manifestus:
727 3167 843 3250 quippe
866 3167 966 3231 multa
988 3166 1021 3229 in
1042 3167 1203 3231 Neronem
1224 3166 1332 3231 adula-

292 3272 377 3336 tione
400 3270 523 3336 addidit
549 3271 762 3336 subiecturum
790 3271 820 3336 ei
841 3271 1035 3354 provinciam
1061 3269 1167 3353 fuisse,
1192 3270 1219 3335 si
1244 3269 1332 3336 bien-

291 3375 344 3440 nio
366 3376 509 3459 proximo
531 3375 670 3440 vixisset.
709 3373 767 3439 sed
790 3381 858 3438 tum
880 3374 1031 3439 Paulinus
1058 3374 1226 3440 Suetonius
1254 3375 1331 3440 obti-

267 3479 389 3544 nebat
411 3480 589 3563 Britannos,
613 3478 746 3543 scientia
769 3477 900 3544 militiae
927 3484 960 3543 et
984 3499 1108 3544 rumore
1131 3480 1247 3563 populi,
1276 3480 1330 3561 qui

290 3583 452 3648 neminem
480 3584 548 3649 sine
575 3583 699 3647 aemulo
727 3583 812 3667 sinit,
839 3581 1024 3648 Corbulonis
1052 3588 1254 3665 concertator,
1285 3603 1331 3648 re-

290 3693 462 3769 ceptaeque
485 3687 652 3751 Armeniae
679 3686 777 3752 decus
804 3706 940 3766 aequare
963 3686 1090 3751 domitis
1115 3686 1330 3770 perduellibus

268 3789 428 3872 ,cupiens
473 3789 568 3871 igitur
593 3790 720 3855 Monam
747 3790 893 3874 insulam,
923 3790 1033 3855 incolis
1055 3789 1195 3855 validam
1223 3797 1255 3856 et
1282 3812 1328 3856 re·

291 3892 489 3974 ceptaoulum
515 3891 729 3978 perfugarum,
757 3894 891 3976 adgredi
919 3901 1018 3978 parat,
1046 3913 1208 3976 navesque
1234 3895 1328 3960 fabri·
1367 3957 1370 3963 .
