2984 4275
283 110 325 172 72
503 127 553 180 Ab
573 141 689 180 excessu
708 125 740 178 D.
756 125 881 193 Augusti
899 125 972 178 xlll
989 128 1101 180 ‹lo-43.

280 308 339 365 tur.
368 302 400 364 in
424 301 571 365 cornibus
593 299 691 384 pedes
714 300 897 382 sagittarius
920 307 951 363 et
974 308 1079 364 cetera
1102 320 1214 364 manns
1236 301 1321 384 cqui-

278 411 344 468 tum
366 404 445 488 ibat,
469 405 668 487 productiore
691 424 788 467 comu
811 404 938 468 sinistro
960 423 1018 487 per
1033 404 1097 467 ima
1116 404 1252 486 collium,
1276 412 1322 487 ut,

159 533 176 559 τ
278 510 305 573 si
326 508 426 574 hostis
448 509 638 590 intravisset,
663 507 766 572 fronte
788 508 881 571 simul
905 515 936 571 et
951 509 1023 572 sinu
1039 508 1244 592 exciperetur.
1268 509 1322 572 ad·

269 614 394 678 ¹sultare
422 633 462 676 ex
490 613 614 678 diverso
642 610 810 693 Tiridates,
842 630 905 675 non
933 631 1032 693 usque
1060 611 1102 675 ad
1129 611 1226 676 ictum
1254 612 1320 694 teli,

277 717 423 781 sedtum
447 717 606 799 minitans,
634 723 702 781 tum
729 716 836 799 specie
864 715 1061 799 trepidantis,
1090 716 1117 781 si
1144 717 1253 780 laxare
1275 736 1320 781 or·

276 821 367 886 dines
391 829 422 885 et
446 820 586 886 diversos
609 821 783 885 consectari
808 826 924 903 posset.
963 821 1018 884 ubi
1040 819 1119 883 nihil
1142 821 1319 885 temeritate

276 927 421 1007 solutum,
450 946 510 989 nec
538 925 674 1008 amplius
702 944 798 1007 quarn
827 923 954 987 decurio
982 925 1123 1007 equitnm
1151 924 1319 988 audentius

275 1049 459 1113 progressus
493 1037 525 1094 et
559 1030 684 1111 sagittis
721 1028 864 1093 confixus
898 1035 1019 1093 ceteros
1056 1028 1098 1092 ad
1131 1029 1317 1112 obsequium

277 1134 423 1217 exemplo
446 1132 636 1214 firmaverat,
660 1133 845 1216 propinquis
867 1132 930 1195 iam
952 1134 1092 1197 tenebris
1111 1132 1274 1196 abscessit.

122 1250 244 1302 eruuntur
381 1237 433 1301 41.
457 1236 498 1300 Et
512 1235 647 1300 Corbulo
671 1241 775 1299 castra
797 1236 830 1298 in
850 1236 918 1299 loco
934 1241 1080 1320 metatus,
1104 1257 1146 1300 an
1162 1236 1320 1320 expeditis

116 1321 244 1441 gagga„
277 1340 455 1420 legionibus
484 1347 575 1404 nocte
602 1341 759 1403 Artaxata
791 1347 937 1422 pergeret
971 1339 1158 1422 obsidioque
1191 1340 1319 1403 circum-

160 1463 202 1502 ruz
277 1443 375 1525 daret,
408 1443 551 1525 agitavit,
586 1443 781 1536 concessisse
814 1443 888 1506 illuc
917 1443 1080 1507 Tiridaten
1107 1452 1204 1508 ratus.
1243 1443 1318 1507 dein

125 1527 235 1648 {w
276 1553 445 1631 postquam
480 1547 694 1629 exploratores
728 1546 863 1610 attulere
894 1548 1102 1630 longinquum
1138 1547 1222 1630 regis
1249 1548 1317 1630 iter,

127 1664 150 1708 n
166 1664 231 1710 nom.
277 1657 308 1715 et
330 1650 416 1714 Medi
435 1671 476 1714 an
493 1649 610 1714 Albani
633 1656 822 1734 peterentur,
838 1652 1003 1731 incertum,
1028 1652 1132 1716 lucem
1148 1651 1318 1735 opperitur,

274 1755 512 1839 praemissaque
532 1754 611 1819 levis
627 1762 797 1836 armatura,
822 1774 905 1837 quae
920 1775 1026 1820 muros
1042 1757 1169 1820 interim
1182 1757 1318 1820 ambiret

275 1860 607 1943 oppugnationemque
631 1860 754 1923 eminus
776 1859 938 1943 inciperet.
969 1859 1024 1924 scd
1048 1859 1199 1943 oppidani
1221 1862 1320 1943 portis

275 1970 387 2047 sponte
409 1964 577 2046 patefactis
593 1983 627 2028 se
643 1983 764 2046 suaque
786 1963 938 2028 Romanis
959 1964 1140 2047 permisere,
1166 1963 1250 2047 quod
1269 1984 1317 2029 sa-

274 2173 340 2237 solo
363 2178 501 2255 aequata
528 2178 610 2256 sunt,
641 2173 715 2254 quia
742 2191 801 2236 nec
824 2173 925 2236 teneri
946 2179 1092 2256 poterant
1120 2174 1188 2237 sine
1211 2172 1317 2237 valido

272 2276 430 2360 praesidio
446 2276 486 2339 ob
503 2276 757 2358 magnitudinem
772 2276 941 2359 moenium,
967 2295 1024 2339 nec
1039 2276 1074 2340 id
1095 2278 1188 2342 nobis
1203 2277 1317 2341 virium

273 2387 350 2461 erat,
381 2378 465 2463 quod
487 2380 642 2444 firmando
669 2380 828 2464 praesidIo
857 2386 888 2444 et
911 2379 1106 2464 capessendo
1133 2382 1216 2446 bello
1240 2381 1317 2446 divi·

273 2484 409 2571 deretur,
433 2485 483 2547 vel
508 2484 535 2548 si
550 2485 675 2565 integra
691 2491 723 2547 et
738 2483 930 2548 incustodita
945 2484 1204 2566 relinquerentur,
1228 2486 1318 2549 nulla

273 2588 305 2650 in
330 2607 367 2651 eo
390 2588 511 2651 utilitas
535 2594 590 2651 aut
612 2588 723 2671 gloria,
749 2587 833 2670 quod
856 2593 950 2670 capta
973 2594 1086 2652 essent.
1111 2589 1247 2652 adicitur
1261 2591 1316 2654 rni-

272 2691 414 2755 raculum
441 2691 529 2756 velut
559 2692 690 2755 numine
720 2691 877 2756 oblatum:
913 2712 988 2754 nam
1017 2700 1131 2757 cuncta
1153 2693 1317 2758 Artaxatis

272 2802 365 2858 tenus
388 2795 454 2858 sole
469 2794 614 2859 inlustria
637 2795 739 2880 fuere3
765 2795 849 2879 quod
872 2796 1037 2860 moenibus
1052 2797 1247 2880 cingebatur,
1270 2798 1317 2862 ita

272 2904 403 2980 repente
423 2905 492 2962 atra
512 2898 596 2963 nube
612 2906 794 2982 coopertum
811 2900 1051 2982 fulguribusque
1072 2900 1240 2965 discretum
1256 2909 1314 2984 est,

271 3009 307 3065 ut
335 3004 426 3084 quasi
452 3002 687 3068 infensantibus
714 3004 784 3068 deis
812 3005 910 3067 exitio
938 3004 1020 3068 tradi
1046 3004 1234 3070 crederetur.
1273 3008 1313 3071 ob

271 3103 351 3169 haec
380 3107 594 3172 consalutatus
623 3108 795 3191 imperator
823 3109 918 3191 Nero,
950 3117 981 3173 et
1011 3116 1141 3174 senatus
1171 3110 1314 3174 consulto

272 3211 518 3293 supplicationes
545 3211 683 3294 habitae,
716 3218 903 3294 statuaeque
932 3219 965 3277 et
991 3232 1082 3276 arcus
1115 3219 1146 3277 et
1172 3214 1314 3277 continui

271 3315 452 3379 consulatus
482 3316 630 3400 principi,
666 3323 764 3398 utque
795 3317 877 3380 inter
906 3316 1004 3381 festos
1035 3317 1204 3381 referretur
1233 3317 1311 3400 dies,

272 3437 334 3500 quo
360 3426 487 3502 patrata
514 3421 655 3503 victoria,
685 3441 746 3503 quo
774 3420 929 3504 nuntiata,
958 3441 1019 3503 quo
1046 3422 1180 3485 relatum
1207 3420 1247 3486 de
1274 3442 1314 3485 ea

271 3528 364 3606 esset,
389 3523 515 3606 aliaque
538 3525 570 3588 in
594 3524 729 3588 eandem
753 3524 886 3588 formam
911 3524 1129 3607 decernuntur,
1153 3523 1234 3588 adeo
1250 3545 1315 3588 mo-

271 3626 346 3690 dum
370 3647 505 3712 egressa,
535 3634 569 3692 ut
591 3627 624 3693 C.
648 3627 778 3692 Cassius
801 3627 841 3692 de
864 3629 977 3692 ceteris
1005 3627 1177 3693 honoribus
1200 3627 1313 3692 adsen-

270 3749 334 3814 sus,
358 3732 384 3795 si
407 3751 464 3816 pro
481 3733 677 3815 benignitate
701 3732 846 3796 fortunae
870 3732 920 3796 dis
942 3738 1049 3815 grates
1071 3738 1249 3816 agerentur,
1270 3752 1313 3797 ne

270 3841 370 3899 totum
394 3835 521 3919 quidem
545 3857 663 3900 annum
680 3837 967 3921 supplicationibus
989 3837 1135 3902 sufficere
1158 3836 1313 3902 disserue-
