2984 4275
497 158 676 214 aucam.
700 174 727 226 p.
739 158 802 213 our.
816 162 857 214 aa.
1155 145 1197 209 83

155 331 244 414 pina,
267 351 325 396 seu
347 331 527 397 credibilior
549 352 651 397 novae
672 332 813 397 libidinis
836 332 1000 399 meditatio
1022 335 1056 398 iu
1073 355 1111 398 ea
1125 337 1196 401 visa
1262 335 1266 340 ’

157 440 217 517 est,
252 455 335 516 quae
364 436 559 520 puellaribus
589 436 682 499 annis
712 443 855 520 stuprum
886 456 958 501 curn
988 438 1109 521 Lepido
1140 459 1196 523 spe

156 539 382 603 dominationis
412 539 594 620 admiserat,
629 541 699 622 pari
728 539 877 623 cupidine
907 560 1006 623 usque
1035 541 1079 606 ad
1107 543 1199 608 libita

154 643 311 708 Pallantis
333 643 499 727 provoluta
521 652 552 708 et
576 644 714 707 exercita
735 642 778 707 ad
801 664 894 708 omne
916 643 1070 727 flagitium
1093 647 1198 730 patrui

155 747 286 829 nuptiis.

262 850 292 914 3.
316 851 417 933 Igitur
434 850 518 915 Nero
534 852 634 915 vitare
657 858 795 916 secretos
817 852 884 916 eius
906 873 1102 935 congressus,
1126 856 1195 920 abs·
1265 871 1325 923 aas

155 954 324 1018 cedentem
354 955 387 1018 in
417 955 524 1019 hortos
554 961 609 1018 aut
635 955 849 1020 Tusculanum
882 955 935 1020 vel
961 958 1123 1022 Antiatem
1160 960 1194 1023 in
1213 939 1370 988 ”mm

155 1078 269 1140 agrum
284 1059 426 1137 laudare,
444 1060 528 1142 quod
543 1059 639 1124 otium
656 1066 842 1144 capesseret.
866 1067 1035 1145 postremo,
1057 1062 1195 1127 ubicum-

157 1182 218 1245 que
248 1162 428 1245 haberetur,
459 1183 669 1246 praegravem
698 1172 786 1230 ratus
814 1164 989 1230 interficere
1023 1169 1193 1251 constituit,

157 1264 313 1335 hactenus
342 1267 531 1351 consultans,
560 1288 684 1334 veneno
711 1290 753 1332 au
781 1268 864 1333 terro
892 1270 943 1335 vel
972 1290 1034 1353 qua
1061 1272 1124 1335 alia
1152 1273 1194 1338 vi.

157 1370 339 1453 placuitque
361 1372 462 1454 primo
483 1393 651 1437 venenum.
680 1374 735 1438 sed
759 1375 842 1439 inter
863 1375 973 1458 epulas
996 1377 1145 1460 principis
1168 1379 1195 1442 si

156 1474 295 1557 daretur,
318 1475 430 1539 referri
451 1476 493 1540 ad
516 1496 624 1541 casum
646 1497 710 1541 non
732 1485 856 1562 poterat
870 1479 927 1542 tali
941 1479 1004 1542 iam
1020 1480 1196 1545 Britannici

158 1580 268 1663 exitio;
296 1585 328 1643 ct
351 1581 510 1645 ministros
531 1588 688 1664 temptare
710 1581 844 1645 arduum
866 1581 1033 1648 videbatur
1055 1585 1195 1650 mulieris

155 1703 215 1747 usu
236 1684 391 1748 scelerum
405 1683 557 1748 adversus
579 1684 712 1749 insidias
734 1686 889 1769 intentae;
913 1692 1008 1769 atque
1024 1689 1094 1771 ipsa
1107 1709 1193 1772 prae-

155 1787 312 1851 sumendo
345 1788 484 1852 remedia
517 1789 676 1852 munierat
708 1809 829 1872 corpus.
867 1790 986 1854 ferrum
1017 1797 1049 1855 et
1079 1793 1195 1858 caedes

155 1911 294 1972 quonam
317 1891 410 1956 modo
433 1893 650 1977 occultaretur,
674 1914 769 1958 nemo
791 1895 983 1979 reperiebat3
1008 1902 1039 1960 et
1062 1916 1101 1960 ne
1125 1899 1194 1979 quis

153 1995 201 2058 illi
223 2001 313 2059 tanto
336 1994 467 2060 facinori
489 1995 629 2061 delectus
644 1999 729 2062 iussa
750 2006 922 2082 sperneret,
946 2000 1118 2064 metuebat.
1142 2002 1195 2065 ob-

153 2098 226 2163 tulit
254 2100 418 2181 ingenium
445 2100 596 2165 Anicetus
626 2101 766 2183 libertus,
797 2103 891 2168 classi
921 2103 1006 2186 apud
1036 2103 1193 2168 Misenum

152 2204 333 2287 praefectus
356 2211 387 2268 et
408 2205 562 2288 pueritiae
583 2205 718 2271 Neronis
741 2207 891 2271 educator
912 2227 950 2271 ac
973 2208 1089 2272 mutuis
1112 2209 1194 2273 odiis

152 2309 348 2392 Agrippinae
375 2310 505 2374 invisus.
545 2329 619 2392 ergo
647 2330 763 2375 navem
790 2331 884 2394 posse
914 2313 1061 2395 componi
1091 2312 1191 2395 docet,

152 2413 242 2476 ouius
267 2432 339 2495 pars
361 2413 429 2495 ipso
451 2413 485 2476 in
500 2414 581 2477 mari
603 2434 661 2497 per
675 2422 775 2479 artem
791 2416 894 2479 soluta
914 2415 1089 2480 effunderet
1106 2417 1193 2499 igna-

152 2537 236 2580 ram:
261 2514 339 2579 nihil
361 2523 427 2580 tam
447 2536 549 2600 capax
572 2517 771 2583 fortuitorum
787 2539 882 2602 quam
904 2539 1005 2603 mare,
1030 2526 1062 2583 et
1076 2521 1103 2584 si
1117 2541 1193 2584 nau-

152 2619 255 2702 fragio
278 2620 455 2703 intercepta
477 2619 526 2700 sit,
551 2641 645 2703 quem
668 2621 749 2687 adeo
771 2624 924 2707 iniquum,
952 2630 986 2688 ut
1008 2626 1118 2689 scaled
1140 2625 1192 2689 ad-

152 2724 267 2806 signet,
293 2723 378 2806 quod
391 2725 480 2790 venti
495 2731 527 2789 et
542 2724 655 2791 fluctus
678 2726 887 2810 deliquerint?
911 2727 1093 2792 additurum
1108 2730 1192 2812 prin-

152 2827 255 2912 oipem
279 2827 447 2893 defunctae
469 2829 622 2912 templum
651 2836 682 2894 et
704 2851 777 2895 aras
800 2839 832 2895 et
854 2838 961 2896 cetera
983 2832 1191 2897 ostentandae

152 2932 274 3015 pietati.

256 3038 287 3102 4.
322 3037 444 3101 Placuit
475 3038 623 3121 sollertia,
655 3045 798 3123 tempore
828 3039 923 3103 etiam
956 3040 1032 3123 iuta,
1065 3041 1191 3122 quando

153 3138 407 3224 Quinquatruum
430 3140 526 3205 festos
548 3140 616 3205 dies
639 3141 724 3225 apud
740 3143 837 3207 Baias
860 3142 1091 3225 frequentabat.
1116 3144 1191 3208 illuc

152 3251 287 3308 matrem
309 3244 403 3328 elicit,
432 3244 579 3309 ferendas
602 3246 780 3329 parentium
806 3246 988 3311 iracundias
1011 3255 1043 3311 et
1065 3248 1190 3331 placan-

153 3346 228 3412 dum
261 3348 403 3411 animum
437 3348 599 3431 dictitans,
639 3371 699 3433 quo
733 3370 890 3415 rumorem
927 3351 1191 3416 reconciliationis

152 3451 293 3516 efficeret
314 3453 533 3536 acciperetque
548 3454 734 3537 Agrippina,
759 3452 848 3518 facili
870 3453 1060 3518 feminarum
1083 3455 1190 3518 credu-

152 3554 240 3620 litate
263 3555 305 3619 ad
327 3556 453 3637 gaudia.
477 3547 657 3622 venientem
681 3557 797 3622 dehinc
812 3558 924 3622 obvius
938 3558 971 3620 in
988 3558 1079 3621 litora
1102 3543 1191 3642 (nam

151 3660 247 3724 Antio
274 3659 484 3745 adventabat)
515 3661 641 3744 excepit
667 3681 764 3726 manu
791 3668 822 3726 et
850 3662 1016 3744 complexu
1043 3661 1190 3744 ducitque

152 3762 277 3829 Baulos.
302 3764 335 3829 id
350 3765 444 3829 villae
460 3784 574 3829 nomen
591 3772 647 3845 est,
671 3785 752 3848 quae
767 3764 1017 3849 promunturium
1032 3764 1188 3828 Misenum

152 3866 233 3933 inter
255 3877 287 3932 et
302 3869 458 3932 Baianum
481 3869 592 3932 lacum.
606 3868 689 3934 dexo
712 3870 793 3933 mari
815 3868 960 3932 adluitur.
986 3868 1092 3932 stabat
1106 3867 1190 3932 inter

1051 3972 1084 4022 θ’»
