<?xml version="1.0" encoding="UTF-8"?>
<!DOCTYPE html PUBLIC "-//W3C//DTD XHTML 1.0 Transitional//EN"
    "http://www.w3.org/TR/xhtml1/DTD/xhtml1-transitional.dtd">
<html xmlns="http://www.w3.org/1999/xhtml" xml:lang="en" lang="en">
 <head>
  <title>
</title>
<meta http-equiv="Content-Type" content="text/html;charset=utf-8" />
  <meta name='ocr-system' content='tesseract 3.04.00' />
  <meta name='ocr-capabilities' content='ocr_page ocr_carea ocr_par ocr_line ocrx_word'/>
</head>
<body>
  <div class='ocr_page' id='page_1' title='image "./dieannalendespc00chrigoog_0143.png"; bbox 0 0 2984 4275; ppageno 0'>
   <div class='ocr_carea' id='block_1_1' title="bbox 304 174 1112 260">
    <p class='ocr_par' dir='ltr' id='par_1_1' title="bbox 304 174 1112 260">
     <span class='ocr_line' id='line_1_1' title="bbox 304 174 1112 260; baseline 0.009 -22"><span class='ocrx_word' id='word_1_1' title='bbox 304 174 367 240; x_wconf 76' lang='grc'>122</span> <span class='ocrx_word' id='word_1_2' title='bbox 532 191 582 246; x_wconf 88' lang='lat' dir='ltr'>Ab</span> <span class='ocrx_word' id='word_1_3' title='bbox 602 206 718 246; x_wconf 83' lang='lat' dir='ltr'>excessu</span> <span class='ocrx_word' id='word_1_4' title='bbox 736 192 770 245; x_wconf 91' lang='lat' dir='ltr'>D.</span> <span class='ocrx_word' id='word_1_5' title='bbox 783 191 910 260; x_wconf 77' lang='lat' dir='ltr'>Augusti</span> <span class='ocrx_word' id='word_1_6' title='bbox 927 192 982 246; x_wconf 86' lang='lat' dir='ltr'>XV</span> <span class='ocrx_word' id='word_1_7' title='bbox 1001 194 1112 248; x_wconf 83' lang='lat'>15-19.</span> 
     </span>
    </p>
   </div>
   <div class='ocr_carea' id='block_1_2' title="bbox 126 365 1430 1073">
    <p class='ocr_par' dir='ltr' id='par_1_2' title="bbox 300 365 1345 951">
     <span class='ocr_line' id='line_1_2' title="bbox 302 365 1344 449; baseline 0.001 -20"><span class='ocrx_word' id='word_1_8' title='bbox 302 365 490 448; x_wconf 76' lang='lat' dir='ltr'>fugientium</span> <span class='ocrx_word' id='word_1_9' title='bbox 512 367 674 449; x_wconf 89' lang='lat' dir='ltr'>legionum</span> <span class='ocrx_word' id='word_1_10' title='bbox 696 365 862 432; x_wconf 85' lang='lat' dir='ltr'>abstinuit:</span> <span class='ocrx_word' id='word_1_11' title='bbox 891 365 979 430; x_wconf 88' lang='lat' dir='ltr'>fama</span> <span class='ocrx_word' id='word_1_12' title='bbox 1000 365 1225 430; x_wconf 82' lang='lat' dir='ltr'>moderationis</span> <span class='ocrx_word' id='word_1_13' title='bbox 1249 386 1344 449; x_wconf 87' lang='lat' dir='ltr'>quae-</span> 
     </span>
     <span class='ocr_line' id='line_1_3' title="bbox 301 467 1343 555; baseline 0 -21"><span class='ocrx_word' id='word_1_14' title='bbox 301 471 437 552; x_wconf 82' lang='lat' dir='ltr'>rebatur,</span> <span class='ocrx_word' id='word_1_15' title='bbox 450 477 618 555; x_wconf 84' lang='lat' dir='ltr'>postquam</span> <span class='ocrx_word' id='word_1_16' title='bbox 634 470 816 554; x_wconf 81' lang='lat' dir='ltr'>superbiam</span> <span class='ocrx_word' id='word_1_17' title='bbox 832 470 1026 554; x_wconf 83' lang='lat' dir='ltr'>expleverat.</span> <span class='ocrx_word' id='word_1_18' title='bbox 1042 467 1160 533; x_wconf 87' lang='lat' dir='ltr'>flumen</span> <span class='ocrx_word' id='word_1_19' title='bbox 1172 469 1343 534; x_wconf 86' lang='lat' dir='ltr'>Arsaniam</span> 
     </span>
     <span class='ocr_line' id='line_1_4' title="bbox 302 573 1343 658; baseline -0.001 -20"><span class='ocrx_word' id='word_1_20' title='bbox 302 573 471 657; x_wconf 88' lang='lat' dir='ltr'>elephanto</span> <span class='ocrx_word' id='word_1_21' title='bbox 492 573 643 658; x_wconf 90' lang='lat' dir='ltr'>insidens,</span> <span class='ocrx_word' id='word_1_22' title='bbox 666 574 828 658; x_wconf 85' lang='lat' dir='ltr'>proximus</span> <span class='ocrx_word' id='word_1_23' title='bbox 852 574 984 657; x_wconf 89' lang='lat' dir='ltr'>quisque</span> <span class='ocrx_word' id='word_1_24' title='bbox 1006 593 1115 656; x_wconf 88' lang='lat' dir='ltr'>regem</span> <span class='ocrx_word' id='word_1_25' title='bbox 1134 575 1168 637; x_wconf 94' lang='lat' dir='ltr'>vi</span> <span class='ocrx_word' id='word_1_26' title='bbox 1189 593 1343 656; x_wconf 88' lang='lat' dir='ltr'>equorum</span> 
     </span>
     <span class='ocr_line' id='line_1_5' title="bbox 300 677 1345 762; baseline 0.001 -21"><span class='ocrx_word' id='word_1_27' title='bbox 300 696 481 762; x_wconf 84' lang='lat' dir='ltr'>perrupere,</span> <span class='ocrx_word' id='word_1_28' title='bbox 506 680 581 761; x_wconf 89' lang='lat' dir='ltr'>quia</span> <span class='ocrx_word' id='word_1_29' title='bbox 602 698 708 743; x_wconf 91' lang='lat' dir='ltr'>rumor</span> <span class='ocrx_word' id='word_1_30' title='bbox 723 678 895 743; x_wconf 87' lang='lat' dir='ltr'>incesserat</span> <span class='ocrx_word' id='word_1_31' title='bbox 917 683 1046 762; x_wconf 85' lang='lat' dir='ltr'>pontem</span> <span class='ocrx_word' id='word_1_32' title='bbox 1069 697 1231 742; x_wconf 90' lang='lat' dir='ltr'>cessurum</span> <span class='ocrx_word' id='word_1_33' title='bbox 1254 677 1345 742; x_wconf 87' lang='lat' dir='ltr'>oneri</span> 
     </span>
     <span class='ocr_line' id='line_1_6' title="bbox 302 781 1344 865; baseline 0.001 -20"><span class='ocrx_word' id='word_1_34' title='bbox 302 781 374 846; x_wconf 93' lang='lat' dir='ltr'>dolo</span> <span class='ocrx_word' id='word_1_35' title='bbox 396 781 631 847; x_wconf 77' lang='lat' dir='ltr'>fabricantium:</span> <span class='ocrx_word' id='word_1_36' title='bbox 655 783 711 847; x_wconf 94' lang='lat' dir='ltr'>sed</span> <span class='ocrx_word' id='word_1_37' title='bbox 728 782 783 865; x_wconf 91' lang='lat' dir='ltr'>qui</span> <span class='ocrx_word' id='word_1_38' title='bbox 803 781 927 864; x_wconf 82' lang='lat' dir='ltr'>ingredi</span> <span class='ocrx_word' id='word_1_39' title='bbox 950 781 1019 845; x_wconf 91' lang='lat' dir='ltr'>ausi</span> <span class='ocrx_word' id='word_1_40' title='bbox 1040 788 1123 863; x_wconf 90' lang='lat' dir='ltr'>sunt,</span> <span class='ocrx_word' id='word_1_41' title='bbox 1147 781 1289 846; x_wconf 87' lang='lat' dir='ltr'>validum</span> <span class='ocrx_word' id='word_1_42' title='bbox 1309 788 1344 846; x_wconf 90' lang='lat' dir='ltr'>et</span> 
     </span>
     <span class='ocr_line' id='line_1_7' title="bbox 301 883 616 951; baseline 0.01 -3"><span class='ocrx_word' id='word_1_43' title='bbox 301 883 401 949; x_wconf 86' lang='lat' dir='ltr'>fidum</span> <span class='ocrx_word' id='word_1_44' title='bbox 421 884 616 951; x_wconf 79' lang='lat' dir='ltr'>intellexere.</span> 
     </span>
    </p>

    <p class='ocr_par' dir='ltr' id='par_1_3' title="bbox 126 987 1430 1073">
     <span class='ocr_line' id='line_1_8' title="bbox 126 987 1430 1073; baseline -0.003 -17"><span class='ocrx_word' id='word_1_45' title='bbox 126 1002 285 1056; x_wconf 59' lang='lat' dir='ltr'>tuoruum</span> <span class='ocrx_word' id='word_1_46' title='bbox 409 988 459 1052; x_wconf 86' lang='lat'>16.</span> <span class='ocrx_word' id='word_1_47' title='bbox 483 988 630 1054; x_wconf 78' lang='lat' dir='ltr'>Ceterum</span> <span class='ocrx_word' id='word_1_48' title='bbox 654 989 790 1056; x_wconf 87' lang='lat' dir='ltr'>obsessis</span> <span class='ocrx_word' id='word_1_49' title='bbox 812 988 893 1054; x_wconf 88' lang='lat' dir='ltr'>adeo</span> <span class='ocrx_word' id='word_1_50' title='bbox 916 988 1167 1073; x_wconf 85' lang='lat' dir='ltr'>suppeditavisse</span> <span class='ocrx_word' id='word_1_51' title='bbox 1189 1008 1257 1053; x_wconf 90' lang='lat' dir='ltr'>rem</span> <span class='ocrx_word' id='word_1_52' title='bbox 1279 987 1343 1052; x_wconf 85' lang='lat' dir='ltr'>fru-</span> <span class='ocrx_word' id='word_1_53' title='bbox 1426 1066 1430 1073; x_wconf 19' lang='grc' dir='ltr'>ι</span> 
     </span>
    </p>
   </div>
   <div class='ocr_carea' id='block_1_3' title="bbox 143 1070 1343 1187">
    <p class='ocr_par' dir='ltr' id='par_1_4' title="bbox 143 1070 1343 1187">
     <span class='ocr_line' id='line_1_9' title="bbox 143 1070 1343 1187; baseline -0.003 -26"><span class='ocrx_word' id='word_1_54' title='bbox 143 1070 267 1187; x_wconf 51' lang='lat' dir='ltr'>,mu</span> <span class='ocrx_word' id='word_1_55' title='bbox 303 1093 492 1159; x_wconf 88' lang='lat' dir='ltr'>mentariam</span> <span class='ocrx_word' id='word_1_56' title='bbox 507 1094 654 1178; x_wconf 90' lang='lat' dir='ltr'>constitit,</span> <span class='ocrx_word' id='word_1_57' title='bbox 677 1102 711 1158; x_wconf 92' lang='lat' dir='ltr'>ut</span> <span class='ocrx_word' id='word_1_58' title='bbox 730 1093 850 1159; x_wconf 88' lang='lat' dir='ltr'>horreis</span> <span class='ocrx_word' id='word_1_59' title='bbox 863 1094 973 1176; x_wconf 90' lang='lat' dir='ltr'>ignem</span> <span class='ocrx_word' id='word_1_60' title='bbox 988 1093 1151 1174; x_wconf 89' lang='lat' dir='ltr'>inicerent,</span> <span class='ocrx_word' id='word_1_61' title='bbox 1167 1099 1343 1174; x_wconf 78' lang='lat' dir='ltr'>contraque</span> 
     </span>
    </p>
   </div>
   <div class='ocr_carea' id='block_1_4' title="bbox 132 1196 1343 1488">
    <p class='ocr_par' dir='ltr' id='par_1_5' title="bbox 132 1196 1343 1488">
     <span class='ocr_line' id='line_1_10' title="bbox 132 1196 1343 1281; baseline 0.002 -22"><span class='ocrx_word' id='word_1_62' title='bbox 132 1210 279 1264; x_wconf 70' lang='lat' dir='ltr'>scaurum</span> <span class='ocrx_word' id='word_1_63' title='bbox 302 1197 475 1281; x_wconf 88' lang='lat' dir='ltr'>prodiderit</span> <span class='ocrx_word' id='word_1_64' title='bbox 489 1196 624 1263; x_wconf 79' lang='lat' dir='ltr'>Corbulo</span> <span class='ocrx_word' id='word_1_65' title='bbox 639 1197 772 1262; x_wconf 88' lang='lat' dir='ltr'>Parthos</span> <span class='ocrx_word' id='word_1_66' title='bbox 794 1198 904 1281; x_wconf 90' lang='lat' dir='ltr'>inopes</span> <span class='ocrx_word' id='word_1_67' title='bbox 927 1197 1088 1281; x_wconf 88' lang='lat' dir='ltr'>copiarum</span> <span class='ocrx_word' id='word_1_68' title='bbox 1111 1201 1143 1261; x_wconf 91' lang='lat' dir='ltr'>et</span> <span class='ocrx_word' id='word_1_69' title='bbox 1164 1196 1281 1281; x_wconf 90' lang='lat' dir='ltr'>pabulo</span> <span class='ocrx_word' id='word_1_70' title='bbox 1296 1203 1343 1261; x_wconf 87' lang='lat' dir='ltr'>at-</span> 
     </span>
     <span class='ocr_line' id='line_1_11' title="bbox 301 1299 1342 1385; baseline -0.001 -21"><span class='ocrx_word' id='word_1_71' title='bbox 301 1301 374 1365; x_wconf 90' lang='lat' dir='ltr'>trito</span> <span class='ocrx_word' id='word_1_72' title='bbox 396 1300 559 1366; x_wconf 90' lang='lat' dir='ltr'>relicturos</span> <span class='ocrx_word' id='word_1_73' title='bbox 582 1302 859 1385; x_wconf 84' lang='lat' dir='ltr'>oppugnationem,</span> <span class='ocrx_word' id='word_1_74' title='bbox 887 1319 991 1382; x_wconf 90' lang='lat' dir='ltr'>neque</span> <span class='ocrx_word' id='word_1_75' title='bbox 1018 1319 1052 1365; x_wconf 89' lang='lat' dir='ltr'>se</span> <span class='ocrx_word' id='word_1_76' title='bbox 1081 1300 1153 1384; x_wconf 88' lang='lat' dir='ltr'>plus</span> <span class='ocrx_word' id='word_1_77' title='bbox 1175 1300 1272 1364; x_wconf 91' lang='lat' dir='ltr'>tridui</span> <span class='ocrx_word' id='word_1_78' title='bbox 1292 1299 1342 1363; x_wconf 93' lang='lat' dir='ltr'>iti-</span> 
     </span>
     <span class='ocr_line' id='line_1_12' title="bbox 300 1397 1340 1488; baseline -0.001 -20"><span class='ocrx_word' id='word_1_79' title='bbox 300 1423 377 1469; x_wconf 90' lang='lat' dir='ltr'>nere</span> <span class='ocrx_word' id='word_1_80' title='bbox 392 1397 520 1470; x_wconf 83' lang='lat' dir='ltr'>afuisse.</span> <span class='ocrx_word' id='word_1_81' title='bbox 544 1404 642 1469; x_wconf 88' lang='lat' dir='ltr'>adicit</span> <span class='ocrx_word' id='word_1_82' title='bbox 655 1404 723 1468; x_wconf 89' lang='lat' dir='ltr'>iure</span> <span class='ocrx_word' id='word_1_83' title='bbox 738 1404 871 1468; x_wconf 90' lang='lat' dir='ltr'>iurando</span> <span class='ocrx_word' id='word_1_84' title='bbox 887 1405 977 1468; x_wconf 88' lang='lat' dir='ltr'>Paeti</span> <span class='ocrx_word' id='word_1_85' title='bbox 991 1409 1119 1468; x_wconf 89' lang='lat' dir='ltr'>cautum</span> <span class='ocrx_word' id='word_1_86' title='bbox 1135 1402 1220 1488; x_wconf 91' lang='lat' dir='ltr'>apud</span> <span class='ocrx_word' id='word_1_87' title='bbox 1236 1404 1340 1488; x_wconf 88' lang='lat' dir='ltr'>signa,</span> 
     </span>
    </p>
   </div>
   <div class='ocr_carea' id='block_1_5' title="bbox 127 1279 282 1334">
    <p class='ocr_par' dir='ltr' id='par_1_6' title="bbox 127 1279 282 1334">
     <span class='ocr_line' id='line_1_13' title="bbox 127 1279 282 1334; baseline 0.013 -10"><span class='ocrx_word' id='word_1_88' title='bbox 127 1289 162 1324; x_wconf 80' lang='lat' dir='ltr'>our</span> <span class='ocrx_word' id='word_1_89' title='bbox 176 1279 282 1334; x_wconf 54' lang='grc' dir='ltr'>ωιτη</span> 
     </span>
    </p>
   </div>
   <div class='ocr_carea' id='block_1_6' title="bbox 130 1507 1342 3878">
    <p class='ocr_par' dir='ltr' id='par_1_7' title="bbox 297 1507 1342 2839">
     <span class='ocr_line' id='line_1_14' title="bbox 299 1507 1341 1592; baseline -0.001 -20"><span class='ocrx_word' id='word_1_90' title='bbox 299 1507 498 1573; x_wconf 86' lang='lat' dir='ltr'>adstantibus</span> <span class='ocrx_word' id='word_1_91' title='bbox 520 1508 568 1592; x_wconf 91' lang='lat' dir='ltr'>iis,</span> <span class='ocrx_word' id='word_1_92' title='bbox 598 1527 676 1590; x_wconf 91' lang='lat' dir='ltr'>quos</span> <span class='ocrx_word' id='word_1_93' title='bbox 697 1507 897 1573; x_wconf 89' lang='lat' dir='ltr'>testificando</span> <span class='ocrx_word' id='word_1_94' title='bbox 924 1527 980 1572; x_wconf 86' lang='lat' dir='ltr'>rex</span> <span class='ocrx_word' id='word_1_95' title='bbox 1004 1507 1149 1589; x_wconf 87' lang='lat' dir='ltr'>misisset,</span> <span class='ocrx_word' id='word_1_96' title='bbox 1178 1508 1341 1572; x_wconf 89' lang='lat' dir='ltr'>neminem</span> 
     </span>
     <span class='ocr_line' id='line_1_15' title="bbox 298 1610 1341 1696; baseline -0.002 -20"><span class='ocrx_word' id='word_1_97' title='bbox 298 1613 477 1676; x_wconf 89' lang='lat' dir='ltr'>Romanum</span> <span class='ocrx_word' id='word_1_98' title='bbox 500 1612 684 1677; x_wconf 85' lang='lat' dir='ltr'>Armeniam</span> <span class='ocrx_word' id='word_1_99' title='bbox 706 1613 931 1696; x_wconf 89' lang='lat' dir='ltr'>ingressurum,</span> <span class='ocrx_word' id='word_1_100' title='bbox 955 1610 1055 1675; x_wconf 90' lang='lat' dir='ltr'>donec</span> <span class='ocrx_word' id='word_1_101' title='bbox 1077 1611 1269 1676; x_wconf 90' lang='lat' dir='ltr'>referrentur</span> <span class='ocrx_word' id='word_1_102' title='bbox 1291 1611 1341 1675; x_wconf 90' lang='lat' dir='ltr'>lit-</span> 
     </span>
     <span class='ocr_line' id='line_1_16' title="bbox 299 1714 1342 1800; baseline 0 -22"><span class='ocrx_word' id='word_1_103' title='bbox 299 1722 386 1781; x_wconf 89' lang='lat' dir='ltr'>terae</span> <span class='ocrx_word' id='word_1_104' title='bbox 407 1716 551 1800; x_wconf 89' lang='lat' dir='ltr'>Neronis,</span> <span class='ocrx_word' id='word_1_105' title='bbox 579 1716 716 1800; x_wconf 88' lang='lat' dir='ltr'>aupaci</span> <span class='ocrx_word' id='word_1_106' title='bbox 738 1716 902 1781; x_wconf 89' lang='lat' dir='ltr'>adnueret.</span> <span class='ocrx_word' id='word_1_107' title='bbox 942 1734 1023 1799; x_wconf 87' lang='lat' dir='ltr'>quae</span> <span class='ocrx_word' id='word_1_108' title='bbox 1050 1721 1085 1779; x_wconf 92' lang='lat' dir='ltr'>ut</span> <span class='ocrx_word' id='word_1_109' title='bbox 1106 1714 1272 1797; x_wconf 87' lang='lat' dir='ltr'>augendae</span> <span class='ocrx_word' id='word_1_110' title='bbox 1294 1714 1342 1778; x_wconf 94' lang='lat' dir='ltr'>in-</span> 
     </span>
     <span class='ocr_line' id='line_1_17' title="bbox 300 1818 1339 1904; baseline 0 -22"><span class='ocrx_word' id='word_1_111' title='bbox 300 1818 416 1883; x_wconf 86' lang='lat' dir='ltr'>famiae</span> <span class='ocrx_word' id='word_1_112' title='bbox 439 1820 622 1904; x_wconf 89' lang='lat' dir='ltr'>composita,</span> <span class='ocrx_word' id='word_1_113' title='bbox 650 1821 695 1884; x_wconf 92' lang='lat' dir='ltr'>sic</span> <span class='ocrx_word' id='word_1_114' title='bbox 717 1820 839 1903; x_wconf 91' lang='lat' dir='ltr'>reliqua</span> <span class='ocrx_word' id='word_1_115' title='bbox 860 1841 924 1884; x_wconf 92' lang='lat' dir='ltr'>non</span> <span class='ocrx_word' id='word_1_116' title='bbox 950 1821 984 1883; x_wconf 93' lang='lat' dir='ltr'>in</span> <span class='ocrx_word' id='word_1_117' title='bbox 1012 1820 1143 1884; x_wconf 88' lang='lat' dir='ltr'>obscuro</span> <span class='ocrx_word' id='word_1_118' title='bbox 1169 1820 1339 1903; x_wconf 85' lang='lat' dir='ltr'>hahentur,</span> 
     </span>
     <span class='ocr_line' id='line_1_18' title="bbox 298 1921 1340 2008; baseline 0 -22"><span class='ocrx_word' id='word_1_119' title='bbox 298 1943 363 1986; x_wconf 90' lang='lat' dir='ltr'>una</span> <span class='ocrx_word' id='word_1_120' title='bbox 385 1921 437 1987; x_wconf 87' lang='lat' dir='ltr'>die</span> <span class='ocrx_word' id='word_1_121' title='bbox 458 1922 670 2006; x_wconf 88' lang='lat' dir='ltr'>quadraginta</span> <span class='ocrx_word' id='word_1_122' title='bbox 691 1924 814 1988; x_wconf 90' lang='lat' dir='ltr'>milium</span> <span class='ocrx_word' id='word_1_123' title='bbox 837 1924 974 2008; x_wconf 89' lang='lat' dir='ltr'>spatium</span> <span class='ocrx_word' id='word_1_124' title='bbox 997 1942 1161 1988; x_wconf 89' lang='lat' dir='ltr'>emensum</span> <span class='ocrx_word' id='word_1_125' title='bbox 1177 1942 1246 1987; x_wconf 91' lang='lat' dir='ltr'>esse</span> <span class='ocrx_word' id='word_1_126' title='bbox 1261 1923 1340 1987; x_wconf 88' lang='lat' dir='ltr'>Pae-</span> 
     </span>
     <span class='ocr_line' id='line_1_19' title="bbox 298 2026 1340 2112; baseline 0 -22"><span class='ocrx_word' id='word_1_127' title='bbox 298 2034 375 2108; x_wconf 92' lang='lat' dir='ltr'>tum,</span> <span class='ocrx_word' id='word_1_128' title='bbox 398 2026 530 2092; x_wconf 86' lang='lat' dir='ltr'>desertis</span> <span class='ocrx_word' id='word_1_129' title='bbox 544 2027 662 2112; x_wconf 89' lang='lat' dir='ltr'>passim</span> <span class='ocrx_word' id='word_1_130' title='bbox 678 2027 803 2111; x_wconf 88' lang='lat' dir='ltr'>sauciis,</span> <span class='ocrx_word' id='word_1_131' title='bbox 820 2047 924 2110; x_wconf 91' lang='lat' dir='ltr'>neque</span> <span class='ocrx_word' id='word_1_132' title='bbox 939 2027 1045 2092; x_wconf 90' lang='lat' dir='ltr'>minus</span> <span class='ocrx_word' id='word_1_133' title='bbox 1059 2026 1235 2091; x_wconf 88' lang='lat' dir='ltr'>deformem</span> <span class='ocrx_word' id='word_1_134' title='bbox 1250 2026 1340 2090; x_wconf 90' lang='lat' dir='ltr'>illam</span> 
     </span>
     <span class='ocr_line' id='line_1_20' title="bbox 298 2130 1341 2216; baseline 0 -20"><span class='ocrx_word' id='word_1_135' title='bbox 298 2131 487 2216; x_wconf 88' lang='lat' dir='ltr'>fugientium</span> <span class='ocrx_word' id='word_1_136' title='bbox 514 2130 767 2216; x_wconf 88' lang='lat' dir='ltr'>trepidationem,</span> <span class='ocrx_word' id='word_1_137' title='bbox 797 2132 943 2215; x_wconf 87' lang='lat' dir='ltr'>quamsi</span> <span class='ocrx_word' id='word_1_138' title='bbox 968 2137 1057 2214; x_wconf 88' lang='lat' dir='ltr'>terga</span> <span class='ocrx_word' id='word_1_139' title='bbox 1083 2132 1117 2196; x_wconf 92' lang='lat' dir='ltr'>in</span> <span class='ocrx_word' id='word_1_140' title='bbox 1139 2131 1208 2197; x_wconf 88' lang='lat' dir='ltr'>acie</span> <span class='ocrx_word' id='word_1_141' title='bbox 1230 2131 1341 2197; x_wconf 90' lang='lat' dir='ltr'>vertis·</span> 
     </span>
     <span class='ocr_line' id='line_1_21' title="bbox 298 2235 1340 2322; baseline 0 -21"><span class='ocrx_word' id='word_1_142' title='bbox 298 2243 377 2302; x_wconf 90' lang='lat' dir='ltr'>sent.</span> <span class='ocrx_word' id='word_1_143' title='bbox 401 2236 536 2302; x_wconf 81' lang='lat' dir='ltr'>Corbulo</span> <span class='ocrx_word' id='word_1_144' title='bbox 558 2256 630 2301; x_wconf 91' lang='lat' dir='ltr'>oum</span> <span class='ocrx_word' id='word_1_145' title='bbox 653 2236 717 2301; x_wconf 91' lang='lat' dir='ltr'>suis</span> <span class='ocrx_word' id='word_1_146' title='bbox 740 2237 839 2321; x_wconf 90' lang='lat' dir='ltr'>copiis</span> <span class='ocrx_word' id='word_1_147' title='bbox 861 2237 946 2320; x_wconf 89' lang='lat' dir='ltr'>apud</span> <span class='ocrx_word' id='word_1_148' title='bbox 968 2238 1070 2321; x_wconf 89' lang='lat' dir='ltr'>ripam</span> <span class='ocrx_word' id='word_1_149' title='bbox 1093 2235 1265 2322; x_wconf 84' lang='lat' dir='ltr'>Euphratis</span> <span class='ocrx_word' id='word_1_150' title='bbox 1287 2236 1340 2301; x_wconf 92' lang='lat' dir='ltr'>ob-</span> 
     </span>
     <span class='ocr_line' id='line_1_22' title="bbox 298 2341 1338 2425; baseline -0.002 -20"><span class='ocrx_word' id='word_1_151' title='bbox 298 2342 369 2406; x_wconf 91' lang='lat' dir='ltr'>vius</span> <span class='ocrx_word' id='word_1_152' title='bbox 391 2361 455 2405; x_wconf 92' lang='lat' dir='ltr'>non</span> <span class='ocrx_word' id='word_1_153' title='bbox 479 2361 550 2406; x_wconf 91' lang='lat' dir='ltr'>eam</span> <span class='ocrx_word' id='word_1_154' title='bbox 572 2341 710 2424; x_wconf 85' lang='lat' dir='ltr'>speciem</span> <span class='ocrx_word' id='word_1_155' title='bbox 733 2341 906 2423; x_wconf 89' lang='lat' dir='ltr'>insignium</span> <span class='ocrx_word' id='word_1_156' title='bbox 933 2347 966 2405; x_wconf 92' lang='lat' dir='ltr'>et</span> <span class='ocrx_word' id='word_1_157' title='bbox 993 2360 1152 2405; x_wconf 87' lang='lat' dir='ltr'>armorum</span> <span class='ocrx_word' id='word_1_158' title='bbox 1178 2341 1338 2425; x_wconf 87' lang='lat' dir='ltr'>praetulit,</span> 
     </span>
     <span class='ocr_line' id='line_1_23' title="bbox 298 2444 1340 2529; baseline -0.002 -19"><span class='ocrx_word' id='word_1_159' title='bbox 298 2451 334 2509; x_wconf 91' lang='lat' dir='ltr'>ut</span> <span class='ocrx_word' id='word_1_160' title='bbox 360 2445 576 2510; x_wconf 84' lang='lat' dir='ltr'>diversitatem</span> <span class='ocrx_word' id='word_1_161' title='bbox 608 2444 824 2529; x_wconf 88' lang='lat' dir='ltr'>exprobraret.</span> <span class='ocrx_word' id='word_1_162' title='bbox 862 2446 974 2509; x_wconf 88' lang='lat' dir='ltr'>maesti</span> <span class='ocrx_word' id='word_1_163' title='bbox 996 2445 1151 2529; x_wconf 88' lang='lat' dir='ltr'>manipuli</span> <span class='ocrx_word' id='word_1_164' title='bbox 1172 2465 1210 2508; x_wconf 87' lang='lat' dir='ltr'>ac</span> <span class='ocrx_word' id='word_1_165' title='bbox 1235 2444 1340 2509; x_wconf 90' lang='lat' dir='ltr'>vicem</span> 
     </span>
     <span class='ocr_line' id='line_1_24' title="bbox 298 2548 1339 2633; baseline -0.001 -20"><span class='ocrx_word' id='word_1_166' title='bbox 298 2549 546 2614; x_wconf 79' lang='lat' dir='ltr'>commilitonum</span> <span class='ocrx_word' id='word_1_167' title='bbox 569 2548 756 2613; x_wconf 88' lang='lat' dir='ltr'>miserantes</span> <span class='ocrx_word' id='word_1_168' title='bbox 778 2568 820 2613; x_wconf 92' lang='lat' dir='ltr'>ne</span> <span class='ocrx_word' id='word_1_169' title='bbox 842 2549 979 2614; x_wconf 87' lang='lat' dir='ltr'>lacrimis</span> <span class='ocrx_word' id='word_1_170' title='bbox 995 2548 1123 2633; x_wconf 89' lang='lat' dir='ltr'>quidem</span> <span class='ocrx_word' id='word_1_171' title='bbox 1145 2555 1339 2633; x_wconf 86' lang='lat' dir='ltr'>temperare;</span> 
     </span>
     <span class='ocr_line' id='line_1_25' title="bbox 297 2651 1339 2737; baseline -0.001 -20"><span class='ocrx_word' id='word_1_172' title='bbox 297 2654 352 2717; x_wconf 83' lang='lat' dir='ltr'>vix</span> <span class='ocrx_word' id='word_1_173' title='bbox 375 2673 451 2737; x_wconf 91' lang='lat' dir='ltr'>prae</span> <span class='ocrx_word' id='word_1_174' title='bbox 474 2651 550 2717; x_wconf 90' lang='lat' dir='ltr'>fletu</span> <span class='ocrx_word' id='word_1_175' title='bbox 572 2659 723 2737; x_wconf 88' lang='lat' dir='ltr'>usurpata</span> <span class='ocrx_word' id='word_1_176' title='bbox 741 2653 958 2719; x_wconf 89' lang='lat' dir='ltr'>consalutatio.</span> <span class='ocrx_word' id='word_1_177' title='bbox 982 2652 1162 2718; x_wconf 85' lang='lat' dir='ltr'>decesserat</span> <span class='ocrx_word' id='word_1_178' title='bbox 1177 2658 1339 2717; x_wconf 88' lang='lat' dir='ltr'>certamen</span> 
     </span>
     <span class='ocr_line' id='line_1_26' title="bbox 297 2755 1337 2839; baseline -0.002 -18"><span class='ocrx_word' id='word_1_179' title='bbox 297 2756 423 2821; x_wconf 90' lang='lat' dir='ltr'>virtutis</span> <span class='ocrx_word' id='word_1_180' title='bbox 449 2762 481 2820; x_wconf 88' lang='lat' dir='ltr'>et</span> <span class='ocrx_word' id='word_1_181' title='bbox 507 2756 637 2821; x_wconf 90' lang='lat' dir='ltr'>ambitio</span> <span class='ocrx_word' id='word_1_182' title='bbox 663 2756 792 2839; x_wconf 86' lang='lat' dir='ltr'>gloriae,</span> <span class='ocrx_word' id='word_1_183' title='bbox 820 2755 959 2821; x_wconf 90' lang='lat' dir='ltr'>felicium</span> <span class='ocrx_word' id='word_1_184' title='bbox 986 2756 1149 2820; x_wconf 91' lang='lat' dir='ltr'>hominum</span> <span class='ocrx_word' id='word_1_185' title='bbox 1177 2755 1337 2821; x_wconf 88' lang='lat' dir='ltr'>adfectus:</span> 
     </span>
    </p>

    <p class='ocr_par' dir='ltr' id='par_1_8' title="bbox 130 2858 1339 3878">
     <span class='ocr_line' id='line_1_27' title="bbox 299 2858 1213 2945; baseline -0.001 -21"><span class='ocrx_word' id='word_1_186' title='bbox 299 2860 365 2924; x_wconf 91' lang='lat' dir='ltr'>sola</span> <span class='ocrx_word' id='word_1_187' title='bbox 387 2858 600 2924; x_wconf 87' lang='lat' dir='ltr'>misericordia</span> <span class='ocrx_word' id='word_1_188' title='bbox 621 2859 759 2940; x_wconf 83' lang='lat' dir='ltr'>valebat,</span> <span class='ocrx_word' id='word_1_189' title='bbox 783 2866 815 2924; x_wconf 92' lang='lat' dir='ltr'>et</span> <span class='ocrx_word' id='word_1_190' title='bbox 836 2860 922 2945; x_wconf 90' lang='lat' dir='ltr'>apud</span> <span class='ocrx_word' id='word_1_191' title='bbox 944 2861 1080 2925; x_wconf 91' lang='lat' dir='ltr'>minores</span> <span class='ocrx_word' id='word_1_192' title='bbox 1102 2860 1213 2942; x_wconf 90' lang='lat' dir='ltr'>magis.</span> 
     </span>
     <span class='ocr_line' id='line_1_28' title="bbox 131 2962 1339 3045; baseline -0.002 -16"><span class='ocrx_word' id='word_1_193' title='bbox 131 2975 278 3029; x_wconf 59' lang='lat' dir='ltr'>cumeanus</span> <span class='ocrx_word' id='word_1_194' title='bbox 338 3017 339 3021; x_wconf 65' lang='lat'>,</span> <span class='ocrx_word' id='word_1_195' title='bbox 407 2962 457 3027; x_wconf 79' lang='lat'>17.</span> <span class='ocrx_word' id='word_1_196' title='bbox 491 2964 615 3029; x_wconf 88' lang='lat' dir='ltr'>Ducum</span> <span class='ocrx_word' id='word_1_197' title='bbox 636 2965 718 3029; x_wconf 90' lang='lat' dir='ltr'>inter</span> <span class='ocrx_word' id='word_1_198' title='bbox 739 2984 774 3029; x_wconf 88' lang='lat' dir='ltr'>se</span> <span class='ocrx_word' id='word_1_199' title='bbox 797 2965 903 3030; x_wconf 89' lang='lat' dir='ltr'>brevis</span> <span class='ocrx_word' id='word_1_200' title='bbox 925 2984 1026 3030; x_wconf 90' lang='lat' dir='ltr'>sermo</span> <span class='ocrx_word' id='word_1_201' title='bbox 1049 2969 1174 3029; x_wconf 89' lang='lat' dir='ltr'>secutus</span> <span class='ocrx_word' id='word_1_202' title='bbox 1196 2969 1254 3045; x_wconf 89' lang='lat' dir='ltr'>est,</span> <span class='ocrx_word' id='word_1_203' title='bbox 1277 2962 1339 3027; x_wconf 90' lang='lat' dir='ltr'>hoc</span> 
     </span>
     <span class='ocr_line' id='line_1_29' title="bbox 136 3046 1338 3167; baseline 0 -36"><span class='ocrx_word' id='word_1_204' title='bbox 136 3046 274 3167; x_wconf 41' lang='lat' dir='ltr'>,miza</span> <span class='ocrx_word' id='word_1_205' title='bbox 301 3074 513 3150; x_wconf 87' lang='lat' dir='ltr'>conquerente</span> <span class='ocrx_word' id='word_1_206' title='bbox 533 3068 662 3132; x_wconf 91' lang='lat' dir='ltr'>inritum</span> <span class='ocrx_word' id='word_1_207' title='bbox 684 3068 834 3151; x_wconf 90' lang='lat' dir='ltr'>laborem,</span> <span class='ocrx_word' id='word_1_208' title='bbox 862 3070 1003 3153; x_wconf 88' lang='lat' dir='ltr'>potuisse</span> <span class='ocrx_word' id='word_1_209' title='bbox 1023 3069 1144 3134; x_wconf 91' lang='lat' dir='ltr'>bellum</span> <span class='ocrx_word' id='word_1_210' title='bbox 1166 3068 1243 3150; x_wconf 86' lang='lat' dir='ltr'>fuga</span> <span class='ocrx_word' id='word_1_211' title='bbox 1264 3068 1338 3131; x_wconf 92' lang='lat' dir='ltr'>Par·</span> 
     </span>
     <span class='ocr_line' id='line_1_30' title="bbox 154 3169 1338 3257; baseline 0.007 -31"><span class='ocrx_word' id='word_1_212' title='bbox 154 3183 250 3229; x_wconf 69' lang='lat' dir='ltr'>aarum</span> <span class='ocrx_word' id='word_1_213' title='bbox 299 3169 425 3235; x_wconf 93' lang='lat' dir='ltr'>thorum</span> <span class='ocrx_word' id='word_1_214' title='bbox 447 3170 540 3255; x_wconf 89' lang='lat' dir='ltr'>finiri,</span> <span class='ocrx_word' id='word_1_215' title='bbox 562 3171 617 3238; x_wconf 90' lang='lat' dir='ltr'>ille</span> <span class='ocrx_word' id='word_1_216' title='bbox 639 3173 765 3255; x_wconf 86' lang='lat' dir='ltr'>integra</span> <span class='ocrx_word' id='word_1_217' title='bbox 787 3171 910 3256; x_wconf 88' lang='lat' dir='ltr'>utrique</span> <span class='ocrx_word' id='word_1_218' title='bbox 932 3180 1047 3238; x_wconf 88' lang='lat' dir='ltr'>cuncta</span> <span class='ocrx_word' id='word_1_219' title='bbox 1068 3171 1242 3257; x_wconf 90' lang='lat' dir='ltr'>respondit:</span> <span class='ocrx_word' id='word_1_220' title='bbox 1267 3191 1338 3236; x_wconf 90' lang='lat' dir='ltr'>con-</span> 
     </span>
     <span class='ocr_line' id='line_1_31' title="bbox 130 3252 1339 3377; baseline -0.001 -37"><span class='ocrx_word' id='word_1_221' title='bbox 130 3252 274 3377; x_wconf 50' lang='lat' dir='ltr'>,ffil‘effim</span> <span class='ocrx_word' id='word_1_222' title='bbox 299 3281 459 3340; x_wconf 90' lang='lat' dir='ltr'>verterent</span> <span class='ocrx_word' id='word_1_223' title='bbox 474 3275 598 3358; x_wconf 92' lang='lat' dir='ltr'>aquilas</span> <span class='ocrx_word' id='word_1_224' title='bbox 620 3282 651 3339; x_wconf 90' lang='lat' dir='ltr'>et</span> <span class='ocrx_word' id='word_1_225' title='bbox 665 3276 764 3340; x_wconf 88' lang='lat' dir='ltr'>iuncti</span> <span class='ocrx_word' id='word_1_226' title='bbox 786 3276 974 3342; x_wconf 82' lang='lat' dir='ltr'>invaderent</span> <span class='ocrx_word' id='word_1_227' title='bbox 989 3277 1172 3341; x_wconf 87' lang='lat' dir='ltr'>Armeniam</span> <span class='ocrx_word' id='word_1_228' title='bbox 1187 3275 1339 3340; x_wconf 89' lang='lat' dir='ltr'>abscessu</span> 
     </span>
     <span class='ocr_line' id='line_1_32' title="bbox 164 3378 1338 3465; baseline 0.008 -29"><span class='ocrx_word' id='word_1_229' title='bbox 164 3389 240 3447; x_wconf 61' lang='lat' dir='ltr'>quau</span> <span class='ocrx_word' id='word_1_230' title='bbox 297 3379 463 3461; x_wconf 85' lang='lat' dir='ltr'>Vologesis</span> <span class='ocrx_word' id='word_1_231' title='bbox 481 3378 681 3443; x_wconf 90' lang='lat' dir='ltr'>infirmatam.</span> <span class='ocrx_word' id='word_1_232' title='bbox 705 3400 769 3444; x_wconf 91' lang='lat' dir='ltr'>non</span> <span class='ocrx_word' id='word_1_233' title='bbox 785 3401 824 3445; x_wconf 89' lang='lat' dir='ltr'>ea</span> <span class='ocrx_word' id='word_1_234' title='bbox 838 3381 1036 3465; x_wconf 89' lang='lat' dir='ltr'>imperatoris</span> <span class='ocrx_word' id='word_1_235' title='bbox 1051 3378 1170 3445; x_wconf 89' lang='lat' dir='ltr'>hahere</span> <span class='ocrx_word' id='word_1_236' title='bbox 1185 3378 1338 3445; x_wconf 83' lang='lat' dir='ltr'>mandata</span> 
     </span>
     <span class='ocr_line' id='line_1_33' title="bbox 297 3482 1337 3569; baseline 0.001 -22"><span class='ocrx_word' id='word_1_237' title='bbox 297 3482 447 3548; x_wconf 79' lang='lat' dir='ltr'>Corbulo:</span> <span class='ocrx_word' id='word_1_238' title='bbox 470 3484 608 3566; x_wconf 90' lang='lat' dir='ltr'>periculo</span> <span class='ocrx_word' id='word_1_239' title='bbox 630 3483 792 3567; x_wconf 84' lang='lat' dir='ltr'>legionum</span> <span class='ocrx_word' id='word_1_240' title='bbox 812 3490 1004 3549; x_wconf 90' lang='lat' dir='ltr'>commotum</span> <span class='ocrx_word' id='word_1_241' title='bbox 1019 3504 1037 3549; x_wconf 89' lang='lat' dir='ltr'>e</span> <span class='ocrx_word' id='word_1_242' title='bbox 1052 3483 1214 3569; x_wconf 88' lang='lat' dir='ltr'>provincia</span> <span class='ocrx_word' id='word_1_243' title='bbox 1234 3503 1337 3566; x_wconf 89' lang='lat' dir='ltr'>egres·</span> 
     </span>
     <span class='ocr_line' id='line_1_34' title="bbox 297 3587 1335 3671; baseline 0.002 -20"><span class='ocrx_word' id='word_1_244' title='bbox 297 3606 380 3669; x_wconf 82' lang='lat' dir='ltr'>sum3</span> <span class='ocrx_word' id='word_1_245' title='bbox 411 3587 539 3670; x_wconf 89' lang='lat' dir='ltr'>quando</span> <span class='ocrx_word' id='word_1_246' title='bbox 565 3587 599 3651; x_wconf 91' lang='lat' dir='ltr'>in</span> <span class='ocrx_word' id='word_1_247' title='bbox 624 3587 744 3652; x_wconf 90' lang='lat' dir='ltr'>incerto</span> <span class='ocrx_word' id='word_1_248' title='bbox 771 3587 948 3654; x_wconf 89' lang='lat' dir='ltr'>habeantur</span> <span class='ocrx_word' id='word_1_249' title='bbox 974 3587 1162 3652; x_wconf 82' lang='lat' dir='ltr'>Parthorum</span> <span class='ocrx_word' id='word_1_250' title='bbox 1193 3594 1335 3671; x_wconf 89' lang='lat' dir='ltr'>conatus,</span> 
     </span>
     <span class='ocr_line' id='line_1_35' title="bbox 297 3690 1336 3776; baseline -0.001 -22"><span class='ocrx_word' id='word_1_251' title='bbox 297 3690 422 3754; x_wconf 84' lang='lat' dir='ltr'>Suriam</span> <span class='ocrx_word' id='word_1_252' title='bbox 445 3690 660 3774; x_wconf 89' lang='lat' dir='ltr'>repetiturum.</span> <span class='ocrx_word' id='word_1_253' title='bbox 685 3692 730 3756; x_wconf 90' lang='lat' dir='ltr'>sic</span> <span class='ocrx_word' id='word_1_254' title='bbox 745 3712 871 3775; x_wconf 89' lang='lat' dir='ltr'>quoque</span> <span class='ocrx_word' id='word_1_255' title='bbox 894 3693 1045 3776; x_wconf 90' lang='lat' dir='ltr'>optimam</span> <span class='ocrx_word' id='word_1_256' title='bbox 1068 3691 1227 3756; x_wconf 90' lang='lat' dir='ltr'>fortunam</span> <span class='ocrx_word' id='word_1_257' title='bbox 1247 3710 1336 3755; x_wconf 89' lang='lat' dir='ltr'>oran-</span> 
     </span>
     <span class='ocr_line' id='line_1_36' title="bbox 298 3793 1335 3878; baseline 0.002 -22"><span class='ocrx_word' id='word_1_258' title='bbox 298 3793 380 3874; x_wconf 89' lang='lat' dir='ltr'>dam,</span> <span class='ocrx_word' id='word_1_259' title='bbox 405 3799 439 3857; x_wconf 92' lang='lat' dir='ltr'>ut</span> <span class='ocrx_word' id='word_1_260' title='bbox 461 3794 559 3877; x_wconf 90' lang='lat' dir='ltr'>pedes</span> <span class='ocrx_word' id='word_1_261' title='bbox 581 3793 742 3859; x_wconf 89' lang='lat' dir='ltr'>confectus</span> <span class='ocrx_word' id='word_1_262' title='bbox 759 3796 869 3878; x_wconf 85' lang='lat' dir='ltr'>spatiis</span> <span class='ocrx_word' id='word_1_263' title='bbox 891 3796 1040 3860; x_wconf 89' lang='lat' dir='ltr'>itinerum</span> <span class='ocrx_word' id='word_1_264' title='bbox 1063 3795 1199 3861; x_wconf 88' lang='lat' dir='ltr'>alacrem</span> <span class='ocrx_word' id='word_1_265' title='bbox 1215 3802 1247 3859; x_wconf 92' lang='lat' dir='ltr'>et</span> <span class='ocrx_word' id='word_1_266' title='bbox 1261 3793 1335 3858; x_wconf 87' lang='lat' dir='ltr'>faci-</span> 
     </span>
    </p>
   </div>
   <div class='ocr_carea' id='block_1_7' title="bbox 208 3894 1334 3983">
    <p class='ocr_par' dir='ltr' id='par_1_9' title="bbox 208 3894 1334 3983">
     <span class='ocr_line' id='line_1_37' title="bbox 208 3894 1334 3983; baseline 0.005 -27"><span class='ocrx_word' id='word_1_267' title='bbox 208 3899 215 3910; x_wconf 85' lang='lat'>&#39;</span> <span class='ocrx_word' id='word_1_268' title='bbox 296 3894 385 3960; x_wconf 82' lang='lat' dir='ltr'>litate</span> <span class='ocrx_word' id='word_1_269' title='bbox 418 3915 600 3979; x_wconf 88' lang='lat' dir='ltr'>camporum</span> <span class='ocrx_word' id='word_1_270' title='bbox 633 3898 892 3981; x_wconf 86' lang='lat' dir='ltr'>praevenientem</span> <span class='ocrx_word' id='word_1_271' title='bbox 926 3900 1064 3983; x_wconf 88' lang='lat' dir='ltr'>equitem</span> <span class='ocrx_word' id='word_1_272' title='bbox 1098 3899 1334 3981; x_wconf 86' lang='lat' dir='ltr'>adsequeretur.</span> 
     </span>
    </p>
   </div>
   <div class='ocr_carea' id='block_1_8' title="bbox 0 0 1496 4275">
    <p class='ocr_par' dir='ltr' id='par_1_10' title="bbox 0 0 1496 4275">
     <span class='ocr_line' id='line_1_38' title="bbox 0 0 1496 4275; baseline 0 2"><span class='ocrx_word' id='word_1_273' title='bbox 0 0 1496 4275; x_wconf 95' lang='lat' dir='ltr'> </span> 
     </span>
    </p>
   </div>
  </div>
 </body>
</html>
