2984 4275
172 1925 237 1969 61111
248 1924 302 1969 mitt

218 1997 259 2038 111

174 2065 300 2118 lilibitanae

337 167 377 229 75
560 184 608 237 Ab
629 200 743 237 excessu
762 184 795 237 D.
809 179 935 252 Augusti
954 184 1026 237 XlII
1043 187 1155 239 stt—50.

336 359 494 422 cunetatio
509 358 728 441 interponitur.
753 358 809 422 sed
825 364 956 441 accepto
971 356 1061 422 aditu
1076 359 1224 440 Poppaea
1240 358 1378 440 primum

336 481 392 545 per
414 462 634 526 blandimenta
656 467 688 525 et
707 469 793 526 artes
818 462 988 544 valescere,
1011 463 1155 544 inparem
1179 459 1320 544 cupidini
1343 481 1381 525 se

335 573 367 630 et
390 566 492 630 forma
513 566 649 631 Neronis
672 573 799 649 captam
822 565 989 649 simulans3
1019 585 1093 629 mox
1116 565 1181 628 acri
1203 564 1267 628 iam
1295 565 1378 647 prin-

335 669 415 751 cipis
437 689 543 734 amore
558 670 600 734 ad
621 669 802 753 snperbiam
819 676 956 750 vertens,
981 669 1007 732 si
1022 669 1103 732 ultra
1119 688 1216 732 unam
1232 669 1381 733 alteram-

336 794 397 857 que
428 780 552 838 noetem
583 775 778 854 attineretur,
814 780 946 856 nuptam
976 792 1044 837 esse
1072 792 1106 837 se
1134 772 1284 837 dictitans
1317 792 1379 837 nec

334 897 426 961 posse
441 878 676 941 matrimonium
691 876 846 959 amittere,
870 877 1051 941 devinctam
1067 875 1185 940 Othoni
1204 896 1260 959 per
1275 896 1380 958 genus

327 970 429 1063 11111,
454 981 537 1064 quod
560 1001 653 1047 nemo
675 980 883 1063 adaequaret:
906 981 996 1044 illum
1019 981 1125 1045 animo
1149 987 1181 1044 et
1204 981 1289 1044 cultu
1311 1002 1377 1045 nra·

334 1084 499 1170 gnificum3
527 1085 572 1150 ibi
598 1105 632 1149 se
655 1104 780 1150 summa
807 1084 934 1149 fortuna
961 1084 1059 1167 digna
1081 1085 1196 1148 visere:
1225 1090 1258 1147 at
1280 1083 1380 1148 Nero-

334 1208 417 1272 nem,
451 1189 573 1271 paelice
603 1188 718 1252 ancilla
753 1196 784 1252 et
814 1187 1024 1252 adsuetudine
1051 1189 1148 1253 Actes
1182 1188 1379 1270 devinctum,

334 1292 413 1355 nihil
444 1311 462 1355 e
491 1293 695 1356 contubernio
731 1293 838 1356 servili
871 1293 933 1357 nisi
962 1293 1121 1356 abiectum
1152 1299 1184 1355 et
1215 1290 1377 1356 sordidum

334 1396 478 1460 traxisse.
517 1395 650 1460 deicitur
676 1396 889 1461 familiaritate
917 1403 1017 1480 sueta,
1048 1403 1118 1480 post
1147 1415 1318 1478 congressu
1346 1403 1379 1461 et

334 1500 485 1563 comitatu
507 1497 599 1580 Otho,
627 1506 659 1563 et
681 1500 722 1563 ad
744 1506 947 1583 postremum,
975 1521 1016 1565 ne
1038 1501 1072 1564 in
1095 1502 1174 1565 urbe
1197 1501 1377 1565 aemulatus

333 1610 451 1686 ageret,
479 1603 660 1686 provinciae
690 1605 876 1669 Lusitaniae
902 1604 1097 1689 praefinitum
1126 1605 1183 1669 ubi
1209 1603 1374 1686 usquead

333 1707 440 1771 civilia
463 1728 552 1771 arma
574 1728 638 1771 non
662 1728 702 1771 ex
725 1709 828 1792 priore
850 1709 993 1790 infamia,
1022 1708 1077 1772 sed
1104 1708 1228 1790 integre
1251 1716 1376 1773 sancte·

334 1829 395 1891 que
418 1811 491 1894 egit,
515 1832 632 1895 procax
655 1812 711 1876 otii
734 1819 766 1875 et
787 1814 953 1895 potestatis
975 1813 1209 1895 temperantior.

437 1916 489 1979 47.
513 1916 676 1980 Hactenus
698 1917 784 1980 Nero
806 1915 936 1997 flagitiis
958 1923 990 1980 et
1009 1916 1180 1980 sceleribus
1195 1916 1378 1981 velamenta

334 2019 499 2099 qnaesivit.
531 2019 733 2102 suspectabat
756 2021 894 2084 maxime
917 2020 1095 2085 Cornelium
1118 2019 1247 2104 Sullam,
1272 2040 1376 2084 socors

158 2134 316 2189 1111111111
333 2123 496 2206 ingenium
524 2124 592 2190 eius
617 2124 651 2188 11
675 2123 866 2188 contrarium
893 2124 1021 2189 trahens
1047 2124 1260 2208 callidumque
1283 2130 1315 2188 et
1338 2124 1375 2190 si-

176 2205 298 2258 1111111111.

185 3724 280 3768 tillense

171 3792 296 3846 1111111111

177 3861 289 3914 11111111
344 3884 351 3898 ·

167 3929 191 3974 tn
204 3931 301 3984 ltntrnll.

333 2228 519 2291 mulatorem
534 2229 780 2312 interpretando.
806 2249 899 2311 quern
915 2236 1033 2293 metum
1045 2227 1184 2311 Graptus
1199 2250 1240 2294 ex
1254 2229 1376 2294 libertis

332 2329 485 2414 Caesaris
514 2351 574 2395 usu
601 2338 633 2395 et
660 2339 789 2396 senecta
812 2332 939 2397 Tiberio
966 2333 1109 2415 abusque
1137 2332 1265 2396 domum
1292 2333 1374 2417 prin·

332 2435 436 2518 cipum
460 2434 598 2520 edoctus,
623 2436 680 2500 tali
702 2436 870 2500 mendacio
892 2436 1039 2501 intendit.
1078 2456 1157 2519 pons
1180 2437 1318 2502 Mulvius
1340 2438 1374 2501 in

331 2558 369 2603 eo
385 2546 527 2622 tempore
549 2539 681 2604 celebris
703 2539 866 2604 nocturnis
889 2540 1057 2604 inlecebris
1080 2547 1161 2623 erat,
1185 2540 1374 2604 ventitabat-

331 2662 393 2724 que
415 2642 492 2705 illuc
511 2643 607 2724 Nero,
633 2663 694 2726 quo
710 2644 839 2709 solutius
855 2644 966 2707 urbem
981 2651 1071 2707 extra
1086 2644 1254 2708 lasciviret.
1278 2644 1375 2726 igitur

330 2744 524 2827 regredienti
546 2748 704 2830 perviam
722 2748 912 2811 Flaminiam
928 2747 1118 2829 compositas
1140 2747 1273 2812 insidias
1296 2747 1374 2811 fato-

330 2868 397 2930 que,
414 2849 558 2933 evitatas,
583 2850 732 2933 quoniam
750 2850 874 2916 diverso
897 2851 1009 2915 itinere
1025 2849 1235 2926 Sallustianos
1257 2852 1290 2913 in
1306 2850 1373 2917 hor·

330 2960 379 3016 tos
401 2953 599 3037 remeaverit,
626 2960 849 3035 auctoremque
871 2956 940 3018 eius
963 2955 1028 3018 doli
1051 2953 1172 3018 Sullam
1195 2955 1373 3037 ementitur,

331 3056 405 3138 quia
428 3055 509 3120 forte
528 3056 733 3122 redeuntibus
757 3059 908 3123 ministris
932 3058 1083 3142 principis
1104 3058 1233 3140 quidam
1255 3078 1313 3140 per
1327 3060 1373 3122 iu-

329 3160 469 3223 venilem
484 3160 654 3244 licentiam,
679 3181 762 3244 quae
778 3170 852 3227 tunc
868 3164 988 3245 passim
1004 3162 1220 3244 exercebatur,
1244 3161 1373 3225 inanem

329 3269 450 3326 metum
473 3263 623 3329 fecerant.
647 3286 754 3348 neque
776 3286 937 3331 servorum
961 3267 1128 3349 quisquam
1150 3286 1255 3348 neque
1278 3265 1372 3330 elien·
1475 3277 1478 3324 1

330 3367 408 3430 tium
425 3365 531 3431 Sullae
552 3368 713 3450 adgnitus,
737 3369 939 3451 maximeque
955 3370 1105 3454 despecta
1125 3377 1156 3433 11
1171 3370 1289 3434 nullius
1305 3369 1373 3433 ausi

329 3490 432 3553 capax
455 3478 568 3536 natura
592 3473 660 3537 eius
683 3473 849 3537 acrimine
872 3473 1077 3539 abhorrebat:
1100 3473 1232 3557 perinde
1255 3479 1372 3557 tamen,

330 3575 421 3655 quasi
443 3576 606 3640 convictus
622 3583 714 3662 esset,
739 3577 852 3641 cedere
868 3578 971 3661 patria
986 3585 1018 3642 et
1032 3577 1276 3642 Massiliensium
1292 3596 1372 3641 moe-

328 3676 422 3741 nibus
444 3681 582 3743 111111τί
604 3679 736 3744 iubetur.

432 3781 484 3845 48.
519 3781 628 3846 Isdem
655 3785 836 3849 consulibus
863 3785 991 3850 auditae
1019 3785 1262 3850 Puteolanorum
1289 3785 1372 3867 lega·

328 3890 439 3967 tiones,
469 3904 548 3967 quas
576 3886 720 3951 diversas
746 3886 824 3952 ordo
853 3889 944 3971 plebs
972 3889 1013 3953 ad
1042 3895 1188 3954 senatum
1211 3888 1370 3970 miserant,
