2984 4275
295 172 339 237 30
522 188 571 242 Ab
591 203 707 243 excessu
725 188 759 242 D.
773 188 898 257 Augusti
916 189 974 242 XII
991 191 1103 245 24-29.

400 363 451 427 24.
475 364 597 445 Regum
619 363 652 426 in
675 382 713 428 co
736 362 867 428 ambitio
883 363 934 428 vel
957 362 1057 445 gloria
1077 362 1166 427 varie
1186 363 1330 446 vulgata3

295 466 351 532 sed
373 467 496 532 initium
520 466 686 550 condendi,
702 473 734 531 et
758 467 842 550 quod
863 467 1038 551 pomerium
1053 467 1204 531 Romulus
1226 487 1335 551 posue-

295 571 344 655 rit,
372 591 501 637 noscere
529 570 616 635 haud
642 571 816 636 absurdum
843 591 921 636 reor.
960 571 1057 652 igitur
1078 592 1098 635 a
1120 570 1187 635 foro
1216 571 1333 655 boario,

295 676 349 741 ubi
372 695 499 740 aereum
527 676 610 740 tauri
638 676 840 739 simulacrum
864 676 1043 759 aspicimus,
1073 675 1148 757 quia
1174 675 1208 739 id
1234 696 1335 759 genus

295 780 479 845 animalium
516 786 620 843 aratro
658 780 816 863 subditur,
854 780 960 844 sulcus
998 778 1189 862 designandi
1226 780 1334 863 oppidi

295 892 434 968 coeptus,
463 889 497 947 ut
524 904 676 966 magnam
698 883 843 948 Herculis
866 904 955 947 aram
978 884 1232 967 amplecteretur;
1260 884 1335 949 inde

295 988 389 1054 certis
416 988 525 1072 spatiis
552 988 708 1053 interiecti
736 987 858 1071 lapides
884 1008 942 1072 per
963 988 1029 1052 ima
1056 987 1170 1052 montis
1200 988 1335 1052 Palatini

294 1092 334 1156 ad
363 1111 451 1155 aram
479 1091 587 1174 Consi,
620 1112 693 1155 mox
730 1091 834 1156 curias
855 1098 989 1174 veteres,
1021 1098 1088 1155 tum
1114 1091 1157 1154 ad
1184 1092 1335 1156 sacellum

293 1197 420 1279 Larum,
443 1196 519 1260 inde
546 1195 647 1260 forum
675 1196 869 1280 Romanum3
898 1195 1064 1276 forumque
1092 1202 1123 1260 ot
1145 1195 1335 1279 Capitolium

295 1320 358 1364 non
381 1300 561 1382 aRomulo,
586 1299 642 1364 sed
665 1300 772 1364 aTito
787 1301 879 1365 Tatio
902 1298 1047 1364 additum
1069 1300 1141 1365 urbi
1163 1299 1334 1364 credidere.

295 1424 369 1468 mox
391 1423 447 1486 pro
462 1402 588 1467 fortuna
610 1403 786 1487 pomerium
802 1412 938 1469 auctum.
963 1410 995 1467 et
1011 1423 1089 1486 quos
1103 1410 1171 1467 tum
1186 1402 1336 1469 Claudius

294 1507 443 1572 terminos
473 1507 621 1592 posuerit,
652 1508 746 1573 facile
778 1508 907 1591 cognitu
936 1516 969 1572 et
995 1508 1130 1591 publicis
1160 1508 1239 1573 actis
1267 1528 1335 1592 per-

293 1611 451 1695 scriptum.

177 1823 218 1867 2¹²
399 1820 449 1884 25.
489 1820 522 1884 O.
549 1820 685 1885 Antistio
715 1821 757 1884 M.
785 1820 894 1885 Suillio
929 1819 1110 1885 consulibus
1144 1819 1271 1903 adoptio
1301 1819 1335 1884 in

143 1891 253 2005 mmm
292 1924 464 1989 Domitium
488 1923 675 1989 auctoritate
699 1924 852 1988 Pallantis
875 1923 1052 2007 festinatur,
1075 1924 1138 2005 qui,
1164 1923 1335 1989 obstrictus

139 2030 253 2075 ³³⁰¹¹¹ffi¹¹l
292 2028 487 2112 Agrippinae
510 2035 544 2092 ut
567 2028 750 2092 conciliator
764 2028 954 2112 'nuptiarum
985 2033 1017 2091 et
1039 2047 1113 2091 mox
1136 2035 1243 2110 stupro
1268 2027 1334 2091 eius

292 2133 451 2217 inligatus,
481 2132 663 2198 stimulabat
690 2131 866 2215 Claudium,
896 2132 1072 2197 consuleret
1102 2132 1147 2196 rei
1177 2132 1333 2215 publicae,

292 2238 467 2303 Britannici
490 2238 658 2320 pueritiam
680 2239 792 2302 robore
812 2237 1034 2302 circumdaret:
1058 2237 1102 2301 sic
1118 2236 1204 2320 apud
1226 2236 1334 2300 divum

292 2344 480 2425 Augustum,
505 2360 697 2422 quamquam
720 2340 887 2424 nepotibus
911 2340 1090 2423 subnixum,
1115 2340 1253 2422 viguisse
1274 2340 1335 2424 pri·

291 2447 417 2528 vignos3
446 2445 615 2509 aTiberio
644 2464 739 2528 super
766 2444 925 2528 propriam
953 2445 1081 2527 stirpem
1111 2443 1334 2509 Germanicum

292 2550 510 2632 adsumptum:
535 2569 569 2613 se
584 2568 708 2630 quoque
724 2549 903 2631 accingeret
917 2549 1031 2614 iuvene
1051 2556 1173 2632 partem
1189 2568 1331 2613 curarum

292 2653 493 2737 capessituro.
520 2652 568 2717 his
591 2652 711 2717 evictus
734 2653 863 2718 biennio
886 2653 1036 2717 maiorem
1059 2660 1136 2716 natu
1159 2653 1332 2717 Domitium

291 2757 355 2821 filio
379 2756 552 2839 anteponit,
576 2756 686 2821 habita
708 2756 793 2840 apud
816 2764 961 2822 senatum
973 2757 1115 2821 oratione
1137 2757 1169 2820 in
1186 2757 1331 2840 eundem,

292 2881 387 2943 quem
421 2880 441 2923 a
474 2860 586 2925 liberto
620 2866 797 2944 acceperat,
825 2860 962 2927 modum.
1009 2861 1206 2926 adnotabant
1240 2861 1333 2944 periti

292 2965 413 3029 nullam
440 2963 578 3030 antehac
605 2965 807 3048 adoptionem
835 2965 918 3030 inter
945 2966 1091 3049 patricios
1113 2965 1261 3030 Claudios
1288 2985 1332 3029 re·

293 3069 396 3152 periri,
421 3088 538 3149 eosque
560 3069 600 3132 ab
623 3070 698 3133 Atto
721 3070 835 3134 Clauso
858 3070 1021 3134 continuos
1044 3069 1215 3134 duravisse.

129 3173 273 3286 beffiae„
398 3172 450 3237 26.
485 3174 632 3238 Ceterum
659 3181 750 3238 actae
776 3173 910 3257 principi
939 3180 1054 3257 grates,
1083 3174 1271 3255 quaesitiore
1299 3174 1332 3237 in

172 3311 238 3355 aero.
295 3276 468 3341 Domitium
501 3277 698 3361 adulatione;
728 3284 901 3360 rogataque
931 3277 992 3361 lex,
1024 3297 1087 3359 qua
1116 3278 1149 3340 iu
1179 3278 1332 3343 familiam

126 3378 269 3493 sufflas
294 3381 458 3445 Claudiam
482 3388 514 3446 et
536 3402 651 3446 nomen
673 3381 810 3445 Neronis
832 3381 988 3446 transiret.
1012 3388 1146 3464 augetur
1169 3389 1200 3446 et
1222 3382 1332 3465 Agrip-

125 3516 270 3573 ΜΝ,
293 3485 368 3569 pina
396 3492 603 3567 cognomento
625 3485 797 3568 Augustae.
829 3484 943 3564 quibus
970 3486 1102 3568 patratis
1130 3505 1224 3550 nemo
1251 3485 1332 3549 adeo

293 3609 405 3672 expers
432 3589 665 3655 misericordiae
693 3589 761 3672 fuit,
790 3608 884 3669 quem
911 3609 975 3654 non
1003 3589 1179 3654 Britannici
1207 3589 1333 3653 fortuna

293 3712 434 3757 maerore
464 3693 623 3757 adficeret.
662 3692 820 3756 desolatus
853 3692 1005 3777 paulatim
1040 3693 1136 3757 ctiam
1167 3693 1333 3758 servilibus

293 3796 473 3862 ministeriis
495 3818 572 3881 puer
586 3797 809 3879 intempestiva
824 3816 979 3862 novercae
995 3797 1099 3884 officia
1114 3798 1146 3861 in
1162 3796 1333 3861 ludibrium

292 3901 447 3985 vertebat,
472 3902 659 3985 intellegens
682 3901 763 3966 falsi.
796 3902 1007 3983 nequeenim
1031 3922 1160 3983 segnem
1184 3902 1213 3964 ei
1236 3901 1333 3965 fuisse
