2984 4275
467 214 492 252 a.
504 198 538 253 U.
552 214 574 251 c.
588 200 647 255 808.
672 215 697 266 p.
711 197 775 252 Chr.
788 202 829 253 55.
1127 180 1170 245 59

131 378 164 437 ut
178 391 241 437 vox
263 372 380 456 pariter
395 378 428 436 et
447 371 574 457 spiritus
596 378 792 455 raperentur.
816 370 993 455 trepidatur
1006 393 1027 436 a
1042 371 1172 435 circum·

130 475 322 559 sedentibus,
346 475 517 558 diffugiunt
537 474 759 558 inprudentes:
782 474 947 555 atquibus
968 475 1061 538 altior
1082 475 1173 539 intel-

129 579 239 663 lectus,
263 580 414 645 resistunt
436 577 534 644 defixi
556 587 588 644 et
607 581 768 644 Neronem
790 579 959 643 intuentes.
983 579 1038 644 ille
1054 585 1089 642 nt
1104 585 1172 643 crat

129 683 255 749 reclinis
277 690 309 749 et
331 667 437 749 nescio
460 682 582 765 similis,
612 684 742 748 solitum
764 683 810 747 ita
831 682 878 746 ait
899 703 957 766 per
978 682 1172 747 comitialem

130 789 284 870 morbum,
308 807 371 869 quo
395 787 497 872 prima
511 787 553 852 ab
569 786 707 852 infantia
730 785 947 851 adflictaretur
961 787 1170 868 Britannicus,

129 898 159 955 et
181 891 339 957 redituros
362 891 516 975 paulatim
538 891 625 955 visus
648 910 832 971 sensusque.
871 897 906 954 at
928 890 1122 974 Agrippinae
1145 891 1172 954 is

129 1015 237 1079 pavor,
266 1016 305 1060 ea
333 995 545 1060 consternatio
573 995 698 1079 mentis,
726 994 873 1076 quamvis
900 995 990 1059 vultu
1017 1014 1172 1078 premere-

129 1106 188 1181 tur,
218 1099 357 1184 emicuit,
385 1105 421 1164 ut
442 1099 575 1184 perinde
596 1099 741 1182 ignaram
765 1098 862 1163 fuisse
889 1104 984 1180 atque
1006 1096 1173 1163 Octaviam

21 1267 22 1274 ,
127 1222 267 1268 sororem
300 1203 477 1268 Britannici
510 1203 699 1268 constiterit:
737 1202 856 1287 quippe
892 1202 954 1266 sibi
990 1223 1172 1287 supremum

127 1307 284 1371 auxilium
314 1313 459 1391 ereptum
487 1314 519 1370 et
549 1306 710 1390 parricidii
738 1307 921 1389 exemplum
953 1306 1171 1390 intellegebat.

21 1401 22 1406 ’
127 1408 262 1475 Octavia
290 1429 422 1493 quoque,
455 1411 602 1492 quamvis
629 1410 760 1476 rudibus
786 1410 889 1494 annis,
917 1409 1067 1491 dolorem,
1096 1410 1173 1474 cari-

128 1519 239 1597 tatem,
256 1514 359 1578 omnis
373 1512 518 1578 adfectus
533 1513 728 1579 abscondere
742 1512 908 1579 didicerat.
929 1514 974 1578 ita
989 1521 1060 1598 post
1074 1514 1172 1580 breve

21 1639 22 1704 3
128 1616 292 1682 silentium
314 1617 449 1701 repetita
471 1617 609 1683 convivii
631 1618 762 1684 laetitia

166 1764 172 1775 .
236 1721 285 1785 17.
320 1722 395 1786 Nor
424 1721 538 1785 eadem
566 1740 676 1786 necem
704 1722 881 1787 Britannici
908 1730 939 1787 et
961 1741 1073 1805 rogum
1100 1740 1171 1786 oon·
1196 1718 1340 1764 ”mmm

21 1857 22 1894 r
127 1822 243 1908 iunxit,
266 1825 391 1908 proviso
411 1832 487 1889 ante
510 1824 636 1890 funebri
657 1832 780 1909 paratu,
804 1825 858 1907 qui
881 1825 1022 1891 modicus
1043 1824 1113 1891 fuit.
1134 1825 1171 1889 in
1209 1787 1329 1911 ,ffiffissup

127 1947 242 2013 campo
265 1935 373 1993 tamen
388 1929 498 1993 Martis
519 1930 662 2012 sepultus
682 1936 729 1994 est
744 1930 824 1995 adeo
848 1929 984 1995 turbidis
1006 1929 1170 2012 imbribus
1216 1928 1319 1979 l‘llml

127 2040 161 2096 ut
175 2032 294 2114 vulgus
307 2032 388 2096 iram
404 2032 499 2097 deum
519 2033 667 2116 portendi
682 2034 852 2099 crediderit
873 2033 1024 2097 adversus
1038 2033 1171 2116 facinus,

128 2136 177 2201 cui
191 2136 337 2222 plerique
349 2146 456 2202 tamen
472 2136 638 2203 hominum
648 2137 868 2221 ignoscebant,
880 2137 1028 2219 antiquas
1040 2137 1173 2202 fratrum

128 2241 303 2308 discordias
336 2248 368 2306 et
401 2241 588 2307 insociabile
624 2262 759 2324 regnum
792 2241 1006 2307 aestimantes.
1044 2240 1174 2305 tradunt

128 2346 271 2428 plerique
293 2365 402 2410 eorum
421 2351 601 2428 temporum
618 2346 794 2430 scriptores,
818 2344 936 2410 crebris
951 2350 1025 2409 ante
1041 2344 1173 2409 exitium

21 2428 23 2443 ’
128 2449 243 2515 diebus
263 2449 393 2514 illusum
414 2449 477 2513 isse
501 2449 655 2532 pueritiae
668 2449 845 2515 Britannici
866 2450 1035 2531 Neronem,
1058 2449 1174 2512 utiam

128 2572 191 2617 non
215 2560 418 2637 praematura
440 2573 545 2635 neque
561 2573 659 2618 saeva
682 2574 767 2618 mors
781 2553 885 2619 videri
900 2560 1004 2636 queat,
1028 2552 1174 2635 quamvis

128 2655 213 2722 inter
235 2676 327 2721 sacra
349 2676 487 2739 mensae,
515 2677 557 2721 ne
584 2663 728 2741 tempore
752 2657 880 2739 quidem
908 2657 951 2721 ad
973 2657 1174 2741 complexum

21 2820 23 2825 ,
130 2779 271 2825 sororum
294 2760 380 2840 dato,
407 2768 482 2825 ante
505 2761 610 2826 oculos
632 2760 754 2825 inimici
775 2768 944 2844 properata
966 2760 1007 2825 sit
1028 2761 1062 2824 in
1082 2760 1173 2824 illum

131 2882 314 2949 supremum
348 2863 549 2941 Claudiorum
584 2859 787 2948 sanguinem,
823 2871 929 2950 stupro
962 2864 1049 2948 prius
1078 2883 1174 2945 quam

21 3006 22 3043 f
130 2988 256 3032 veneno
278 2968 442 3050 pollutum.
471 2967 705 3033 festinationem
730 2968 952 3050 exsequiarum
975 2968 1077 3033 edicto
1099 2968 1175 3033 an-

21 3102 23 3119 ι
130 3091 181 3136 sar
207 3070 359 3153 defendit,
393 3071 565 3136 maioribus
595 3072 773 3136 institutum
803 3073 953 3154 referens,
990 3071 1175 3137 subtrahere

21 3170 23 3179 ’
130 3175 228 3240 oeulis
249 3176 367 3240 acerba
390 3174 504 3239 funera
526 3193 629 3256 neque
653 3175 890 3242 laudationibus
912 3183 967 3240 aut
982 3197 1099 3260 pompa
1121 3175 1174 3241 de·

131 3278 239 3344 tinere.
264 3285 405 3344 ceterum
420 3284 453 3342 et
469 3278 530 3343 sibi
552 3278 668 3343 amisso
691 3278 799 3344 fratris
815 3280 934 3344 auxilio
950 3281 1086 3361 reliquas
1100 3299 1174 3363 spes

131 3381 164 3446 in
190 3403 225 3448 re
252 3381 379 3465 publiea
408 3382 494 3465 sitas,
527 3388 559 3446 et
585 3388 674 3447 tanto
701 3383 805 3466 magis
832 3382 1003 3449 fovendum
1030 3383 1174 3467 patribus

131 3488 308 3570 populoque
330 3485 516 3570 principem,
540 3485 594 3566 qui
617 3506 697 3550 unus
720 3494 899 3572 superesset
915 3508 933 3552 e
948 3486 1070 3551 familia
1093 3507 1174 3551 sum·

132 3610 217 3654 mum
241 3588 285 3652 ad·
305 3588 469 3672 fastigium
492 3589 611 3672 genita.
730 3618 732 3623 ·
1199 3589 1270 3633 aare
1283 3589 1341 3667 aare

215 3693 287 3757 -18.
311 3692 394 3757 Exin
417 3692 587 3776 largitione
609 3693 788 3777 potissimos
803 3695 976 3760 amicorum
990 3694 1089 3759 auxit
1113 3713 1173 3757 nee
1208 3657 1332 3779 {xiiiia

133 3796 271 3882 defuere,
284 3796 338 3877 qui
353 3802 524 3879 arguerent
531 3796 615 3861 vires
630 3797 821 3880 gravitatem
836 3799 1071 3881 adseverantes,
1088 3797 1173 3878 quod
1192 3795 1348 3839 arenearum

133 3899 251 3985 domos,
275 3900 368 3966 villas
389 3900 423 3964 id
445 3900 596 3985 temporis
615 3901 705 3981 quasi
727 3903 881 3985 praedam
904 3902 1095 3968 divisissent.
1119 3900 1174 3963 alii
1209 3865 1332 3987 „RQ
