2984 4275
488 242 513 281 e.
526 226 559 282 U.
572 241 595 279 c.
608 230 668 283 815.
693 243 719 296 p.
733 225 796 281 Chr.
810 230 852 283 62.
1126 210 1190 275 123

151 401 234 466 exim
264 401 382 465 Paetus
410 419 468 485 per
493 400 726 486 Cappadociam
757 400 948 466 hibernavit.
986 407 1020 465 at
1041 401 1190 483 Vologesi
1276 406 1282 417 ‘

150 504 192 570 ad
222 503 431 570 Corbulonem
462 504 548 570 missi
570 505 690 588 'nuntii
725 503 906 570 detraheret
939 505 1071 569 castella
1102 511 1190 569 nans

150 608 336 693 Euphraten
358 628 560 693 amnemque,
584 615 619 673 ut
641 608 725 691 olim,
750 609 890 675 medium
912 608 1040 674 laceret.
1064 608 1119 673 ille
1134 608 1190 671 Ar-

150 713 288 777 meniam
312 732 437 795 quoque
460 711 593 778 diversis
615 712 782 797 praesidiis
797 733 931 778 vacuam
955 712 1022 777 lieri
1045 718 1190 797 expostu-

149 816 248 882 labat.
261 821 294 881 et
305 822 463 900 postremo
476 817 707 900 concessitrex3
724 816 901 900 dirutaque,
914 836 996 898 quae
1004 816 1189 900 Euphraten

149 920 233 984 ultra
254 920 505 985 communiverat
523 920 667 1003 Corbulo,
691 928 723 986 et
749 922 891 986 Armenii
913 921 982 986 sine
1005 919 1122 985 arbitro
1144 939 1189 984 re·

147 1025 216 1090 lioti
237 1029 319 1091 sunt.

255 1127 306 1192 18.
336 1128 379 1192 At
399 1129 521 1193 Romae
544 1135 675 1213 tropaea
696 1129 737 1194 de
760 1128 885 1194 Parthis
907 1148 1061 1212 arcusque
1083 1126 1188 1193 medio
1231 1143 1266 1197 311
1279 1142 1336 1187 aas

148 1231 318 1316 Capitolini
343 1232 459 1297 montis
481 1231 682 1311 sistebantur,
711 1233 840 1299 decreta
866 1234 908 1299 ab
931 1240 1044 1298 senatu
1065 1233 1188 1316 integro
1206 1212 1363 1334 ’ζᾞζῗὸΐ

148 1335 254 1400 adhue
276 1334 358 1400 bello
381 1356 485 1418 neque
507 1342 573 1400 tum
597 1336 722 1421 omissa,
745 1336 823 1401 dum
849 1338 993 1422 aspectui
1018 1336 1189 1401 consulitur
1205 1351 1276 1396 nans
1291 1350 1361 1403 enac

148 1445 255 1524 spreta
277 1439 477 1505 conscientia.
507 1440 583 1523 quin
606 1446 637 1504 et
659 1439 895 1506 dissimulandis
917 1460 1023 1505 rerum
1046 1446 1188 1505 externa·
1206 1489 1241 1535 Νι
1253 1429 1363 1534 ἔξω

149 1564 219 1609 rum
246 1545 329 1608 curis
354 1544 441 1609 Nero
470 1544 663 1609 frumentum
692 1544 796 1629 plebis
822 1550 980 1611 vetustate
1007 1551 1188 1629 corruptum
1247 1559 1324 1613 asu

148 1646 181 1711 in
208 1647 349 1713 Tiberim
380 1648 462 1732 iecit,
494 1667 556 1729 quo
583 1649 786 1713 securitatem
815 1669 962 1715 annonae
989 1654 1188 1714 sustentaret.
1226 1628 1341 1752 221th

149 1753 237 1816 cuius
258 1752 358 1836 pretio
379 1751 460 1816 nihil
487 1750 633 1816 additum
655 1758 712 1835 est,
742 1752 887 1835 quamvis
915 1751 1069 1818 ducentas
1090 1752 1189 1817 ferme

150 1875 249 1920 naves
270 1862 364 1940 portu
385 1855 419 1920 in
441 1855 509 1940 ipso
525 1855 676 1920 violentia
697 1857 897 1940 tempestatis
912 1863 944 1920 et
959 1863 1087 1920 centum
1109 1858 1190 1921 alias

149 1960 258 2024 Tiberi
279 1960 449 2025 subvectas
476 1959 622 2024 fortuitus
648 1961 731 2042 ignis
758 1960 997 2044 absumpsisset.
1036 1960 1093 2025 tris
1116 1960 1190 2024 dein

111 2072 114 2077 '
149 2064 340 2149 consulares,
363 2064 400 2128 L.
421 2065 578 2148 Pisonem,
602 2064 780 2129 Ducenium
802 2062 981 2149 Geminum,
1005 2065 1190 2149 Pompeium

147 2168 326 2253 Paulinum,
349 2170 560 2252 vectigalibus
585 2168 722 2253 publicis
743 2169 935 2253 praeposuit,
963 2188 1035 2233 cum
1057 2169 1190 2233 insecta·
1304 2171 1306 2175 ‘

150 2273 236 2338 tione
258 2273 397 2356 priorum
418 2273 607 2357 principum,
636 2273 689 2356 qui
711 2272 868 2355 gravitate
891 2278 1070 2356 sumptuum
1092 2272 1190 2336 iustos

150 2376 272 2441 reditus
294 2378 482 2442 anteissent:
507 2396 540 2442 se
563 2396 705 2441 annuum
728 2375 929 2441 sexcentiens
951 2375 1129 2441 sestertium
1144 2376 1190 2439 rei

149 2480 298 2565 publicae
320 2480 438 2564 largiri.
516 2553 519 2558 ,

255 2584 306 2649 19.
340 2583 582 2650 Percrebruerat
603 2605 643 2649 ea
664 2591 855 2670 tempestate
880 2584 1087 2669 pravissimus
1109 2603 1187 2665 mos,
1238 2600 1329 2645 eccas·

150 2707 221 2752 cum
245 2688 429 2772 propinquis
452 2677 664 2753 comitiis'aut
687 2694 770 2754 sorte
792 2688 1024 2772 provinciarum
1046 2689 1188 2773 plerique
1206 2670 1362 2795 Μᾞὲῗξω,

149 2791 216 2856 orbi
244 2790 327 2856 fictis
353 2791 577 2876 adoptionibus
610 2792 824 2858 adsciscerent
848 2792 930 2857 tilios
961 2798 1188 2877 praeturasque
1215 2808 1353 2863 sensuram.

149 2903 181 2960 et
202 2895 384 2979 provincias
406 2897 489 2960 inter
502 2903 608 2981 patres
630 2897 729 2961 sortiti
752 2898 858 2961 statim
881 2897 1060 2961 emitterent
1081 2917 1187 2980 manu,

151 3018 230 3082 quos
253 2998 492 3083 adoptaverant.
521 3009 726 3084 magnatum
749 3000 870 3065 invidia
892 3007 1037 3065 senatum
1060 3000 1188 3080 adeunt,

149 3103 199 3167 ius
222 3109 366 3187 naturae,
388 3103 515 3169 labores
538 3103 694 3169 educandi
716 3103 869 3169 adversus
893 3103 1038 3170 fraudem
1060 3111 1092 3170 et
1106 3111 1190 3169 artes

149 3213 181 3271 et
202 3205 393 3272 brevitatem
414 3206 591 3291 adoptionis
613 3214 811 3273 enumerant.
839 3208 915 3273 satis
937 3208 1030 3293 pretii
1052 3228 1122 3273 esse
1145 3229 1190 3272 or-

148 3311 209 3394 bis,
234 3309 319 3393 quod
342 3311 442 3375 multa
456 3312 634 3396 securitate,
658 3313 754 3377 nubis
768 3313 916 3377 oneribus
937 3312 1072 3396 gratiam
1094 3312 1189 3377 hono-

149 3433 209 3497 res,
241 3421 356 3479 cunota
382 3421 529 3499 prompta
556 3423 588 3481 et
614 3417 709 3482 obvia
734 3415 899 3482 haberent.
945 3417 1006 3481 sibi
1034 3417 1190 3500 promissa

149 3517 257 3601 legum
288 3517 344 3582 diu
372 3525 556 3603 exspectata
584 3520 618 3584 in
647 3520 818 3586 ludibrium
845 3520 935 3605 verti,
966 3520 1092 3603 quando
1120 3519 1189 3601 quis

152 3621 220 3686 sine
243 3621 454 3686 sollicitudine
476 3643 600 3708 parens,
629 3624 697 3688 sine
719 3624 807 3690 luctu
829 3625 923 3689 orbus
946 3624 1041 3707 longa
1062 3629 1189 3708 patrum

150 3732 226 3790 vota
238 3733 368 3809 repente
384 3726 587 3809 adaequaret.
611 3727 731 3793 factum
746 3747 788 3793 ex
806 3747 844 3792 eo
859 3733 988 3792 senatus
1003 3728 1189 3810 consultum,

151 3849 192 3895 ue
207 3829 357 3895 simulata
377 3830 505 3914 adoptio
527 3831 560 3896 in
576 3832 641 3895 ulla
663 3838 754 3916 parte
770 3831 908 3895 muneris
930 3831 1048 3915 publici
1067 3831 1190 3894 iuvaret

152 3953 190 3997 ao
211 3954 254 3998 ne
276 3934 466 4017 usurpandis
490 3934 617 4017 quidem
639 3934 867 3999 hereditatibus
888 3933 1062 4018 prodesset.
