2984 4275
126 386 225 441 riutilio

140 457 213 502 blittrt

122 528 159 572 alt
171 527 229 579 telae

110 597 239 648 unaucurt.

143 2359 209 2403 educ

110 2429 249 2481 ulutantes.

108 2495 253 2550 holthunon

161 2567 196 2611 tet

103 2635 259 2689 sturionem·

147 3500 211 3545 utut·

124 3569 236 3623 tttgtettu
277 3589 284 3605 ·

163 3639 197 3684 bet

110 3708 150 3753 ltu
163 3707 255 3763 sutura

107 3777 131 3822 ta
144 3776 253 3830 baubat.

271 181 313 245 90
494 197 544 251 Ab
564 214 681 252 excessu
699 198 731 252 D.
744 197 870 266 Augusti
888 197 958 250 XIV
978 200 1087 253 15-20.

270 378 372 438 artem
395 376 579 438 exercerent
594 392 694 456 usque
709 372 750 436 ad
771 377 879 454 gestus
894 370 1068 455 modosque
1087 370 1176 436 haud
1190 370 1307 436 viriles.

270 478 347 559 quin
375 482 407 541 et
427 476 565 541 feminae
592 477 741 541 inlustres
768 475 923 540 deformia
949 475 1109 558 meditari;
1136 482 1310 540 exstructa-

271 600 332 663 que
347 580 433 666 apud
455 600 576 664 nemus,
600 579 684 661 qnod
706 579 814 644 navali
830 586 944 662 stagno
967 579 1188 664 circumposuit
1203 581 1312 662 Augu·

270 691 348 769 stus,
372 685 593 749 conventicula
614 690 645 748 et
660 703 823 768 cauponae
839 689 871 747 et
886 684 989 767 posita
1003 703 1087 748 veno
1105 683 1312 747 inritamenta

270 790 367 854 luxui.
392 789 612 871 dabanturque
635 788 742 871 stipes,
771 806 851 870 quas
873 787 949 852 boni
972 787 1169 871 necessitate,
1198 788 1311 855 intem-

269 898 418 978 perantes
440 892 541 975 gloria
564 897 793 956 consumerent.
817 889 892 955 inde
915 891 1048 972 gliscere
1070 889 1192 973 flagitia
1214 898 1246 955 et
1264 890 1311 955 in-

270 997 376 1077 famia,
408 1015 467 1060 nec
495 996 560 1059 ulla
586 995 726 1060 moribus
754 994 828 1058 olim
858 994 1011 1078 corruptis
1042 995 1113 1079 plus
1141 993 1310 1060 libidinum

270 1098 476 1165 circumdedit
507 1118 602 1182 quam
632 1099 688 1163 illa
721 1098 891 1162 conluvies.
930 1098 985 1162 vix
1018 1099 1139 1163 artibus
1169 1098 1312 1163 honestis

270 1204 371 1288 pudor
397 1203 559 1284 retinetur,
592 1202 710 1267 nedum
736 1203 820 1266 inter
847 1201 1021 1266 certamina
1048 1203 1195 1267 vitiorum
1221 1201 1313 1286 pudi-

270 1308 346 1372 citia
368 1312 423 1371 aut
445 1305 601 1372 modestia
627 1311 683 1370 aut
705 1307 876 1389 quicquam
901 1306 992 1389 probi
1019 1306 1114 1371 moris
1136 1326 1312 1371 reservare·

270 1417 330 1477 tur.
354 1416 548 1494 postremum
570 1411 639 1493 ipse
662 1429 810 1474 scaenam
832 1409 960 1492 incedit,
991 1410 1092 1474 multa
1114 1430 1189 1474 cura
1211 1416 1313 1493 temp·

270 1522 342 1579 tans
371 1514 524 1578 citharam
551 1520 583 1578 et
610 1514 847 1597 praemeditans
877 1513 1105 1579 adsistentibus
1131 1514 1311 1599 phonascis.

271 1624 448 1683 accesserat
470 1617 581 1682 cohors
603 1617 749 1701 militurn,
773 1617 972 1683 centuriones
986 1616 1167 1701 tribunique
1182 1625 1213 1683 et
1227 1638 1314 1682 mae·

271 1741 345 1787 rens
367 1722 486 1786 Burrus
508 1740 546 1785 ac
560 1720 704 1785 laudans.
728 1728 867 1805 tuncque
889 1723 1024 1805 primum
1047 1722 1214 1807 conscripti
1237 1729 1314 1787 sunt

273 1827 393 1908 equites
422 1825 558 1890 Romani
589 1831 798 1908 cognomento
825 1826 1102 1908 Augustianorum,
1138 1833 1243 1891 aetate
1273 1846 1314 1890 ac

271 1931 383 1995 robore
406 1930 576 2014 conspicui,
605 1937 637 1993 et
658 1949 733 2013 pars
754 1929 883 2010 ingenio
906 1949 1065 2014 procaces,
1088 1931 1142 1994 alii
1165 1931 1199 1995 in
1222 1950 1314 2013 spem

272 2034 441 2118 potentiae.
465 2032 573 2098 iidies
595 2052 633 2097 ac
656 2039 766 2097 noctes
788 2032 953 2116 plausibus
975 2052 1153 2115 personare,
1177 2034 1313 2099 formam

272 2137 422 2223 principis
447 2158 621 2221 vocemque
655 2137 751 2202 deum
780 2137 943 2202 vocabulis
974 2139 1186 2225 appellantes,
1222 2137 1316 2222 quasi

272 2263 329 2328 per
350 2243 498 2307 virtutem
522 2242 597 2306 clari
620 2241 828 2323 honoratique
850 2260 955 2322 agere.

381 2346 430 2411 16.
465 2347 514 2411 Ne
541 2352 648 2410 tamen
679 2344 818 2408 ludicrae
848 2351 971 2409 tantum
1001 2345 1199 2427 imperatoris
1229 2352 1317 2409 artes

275 2457 481 2534 notescerent,
510 2450 684 2513 carminum
712 2467 837 2531 quoque
866 2448 1003 2513 studium
1033 2447 1216 2532 adfectavit,
1243 2468 1318 2512 con-

276 2555 385 2618 tractis
409 2552 522 2636 quibus
544 2553 651 2635 aliqua
674 2552 835 2635 pangendi
862 2551 998 2617 facultas
1024 2550 1160 2616 necdum
1181 2551 1319 2634 insignis

275 2657 389 2722 aetatis
411 2656 533 2721 notitia.
558 2655 720 2721 considere
743 2657 846 2739 simul,
870 2662 902 2719 et
924 2656 1046 2720 adlatos
1060 2656 1113 2720 vel
1134 2656 1252 2721 ibidem
1269 2675 1318 2719 re-

275 2768 379 2845 pertos
401 2779 511 2825 versus
534 2768 697 2825 conectere
720 2767 817 2842 atque
839 2759 938 2843 ipsius
960 2760 1059 2824 verba
1079 2759 1317 2842 quoquomodo

273 2865 398 2949 prolata
413 2865 568 2948 supplere,
592 2864 677 2947 quod
700 2863 823 2948 species
844 2863 914 2946 ipsa
930 2864 1104 2927 carminum
1125 2863 1226 2945 docet,
1248 2883 1316 2927 non

274 2968 395 3052 impetu
417 2974 449 3032 et
470 2967 621 3033 instinctu
645 2986 703 3031 nec
726 2987 779 3031 ore
802 2987 865 3031 nno
887 2965 998 3031 fluens.
1022 2968 1116 3031 etiam
1140 2968 1317 3051 sapientiae

274 3071 454 3137 doctoribus
481 3078 606 3156 tempus
635 3069 839 3154 impertiebat
868 3077 939 3154 post
969 3071 1087 3155 epulas,
1119 3079 1216 3155 utque
1242 3091 1317 3136 con-

275 3177 371 3240 traria
392 3175 649 3241 adseverantium
671 3173 828 3239 discordia
844 3173 1008 3239 frueretur.
1032 3194 1092 3239 nec
1112 3174 1244 3239 deerant
1259 3176 1316 3258 qui

276 3298 329 3343 ore
351 3279 505 3361 vultuque
527 3279 606 3344 tristi
635 3278 718 3342 inter
740 3278 974 3342 oblectamenta
997 3278 1085 3360 regia
1107 3278 1241 3363 spectari
1263 3298 1317 3342 cu-

275 3390 397 3466 perent.

381 3487 431 3551 17.
455 3485 520 3551 Sub
543 3485 629 3549 idem
651 3491 776 3568 tempus
798 3483 862 3549 levi
884 3484 973 3550 initio
995 3492 1086 3549 atrox
1110 3485 1224 3550 caedes
1246 3491 1318 3551 orta

274 3596 357 3655 mter
378 3591 504 3656 colonos
527 3589 703 3654 Nucerinos
724 3587 997 3672 Pompeianosque
1019 3587 1205 3671 gladiatorio
1229 3609 1318 3673 spec·

275 3695 390 3777 taculo,
411 3693 495 3775 quod
513 3693 674 3757 Livineius
695 3692 845 3776 Regulus,
870 3711 964 3773 quem
987 3699 1107 3758 motum
1129 3698 1242 3758 senatu
1256 3701 1319 3758 ret-

275 3796 342 3879 tuli,
359 3796 481 3861 edebat.
505 3797 621 3880 quippe
636 3796 797 3880 oppidana
811 3796 941 3861 lascivia
956 3797 989 3860 in
1005 3797 1107 3860 vicem
1122 3796 1319 3862 incessentes

277 3900 400 3983 probra,
428 3899 501 3964 dein
524 3920 611 3984 saxa,
640 3905 798 3984 postremo
821 3900 940 3965 ferrum
963 3919 1132 3984 sumpsere,
1162 3899 1319 3966 validiore
