2984 4275
414 241 439 279 a.
454 225 486 280 U.
499 241 522 279 1.
536 229 683 283 soe-811.
708 242 733 293 p.
747 225 811 280 Chr.
824 230 935 284 56—58.
1156 213 1197 276 67

151 401 324 484 pereulsus.
350 408 382 465 et
396 401 572 484 Pomponia
588 401 745 466 Graecina
761 402 896 483 insignis
912 401 1044 486 femina,
1061 403 1099 466 A.
1109 403 1200 468 Plau-

151 506 206 585 tio,
232 524 326 586 quem
348 524 462 569 ovasse
485 504 524 568 de
547 505 708 569 Britannis
730 505 846 588 rettuli,
870 512 971 588 nupta
994 526 1033 570 11
1051 509 1200 589 supersti.

153 609 248 673 tionis
272 614 421 672 externae
444 628 509 689 rea,
533 609 644 672 mariti
668 608 783 673 iudioio
805 610 968 693 permissa.
993 610 1082 692 isque
1097 610 1201 694 priseo

152 713 297 777 instituto
332 713 518 795 propinquis
545 732 651 777 111111
679 713 719 797 de
746 713 850 796 eapite
879 713 1028 796 famaque
1057 715 1201 796 coniugis

153 818 304 899 eognovit
324 824 356 882 et
374 818 533 882 insontem
555 818 781 901 pronuntiarit.
805 817 901 900 longa
915 818 988 883 huie
1002 819 1197 902 Pomponiae

156 927 247 986 aetas
270 928 301 985 et
324 922 473 986 continua
500 921 626 986 tristitia
654 921 723 986 fuit.
762 942 837 985 nam
864 929 936 1006 post
961 922 1076 987 Iuliam
1102 924 1199 988 Drusi

156 1025 255 1089 filiam
278 1025 350 1090 dolo
373 1026 564 1090 Messalinae
578 1026 778 1091 interiectam
797 1047 855 1109 per
870 1026 1083 1109 quadraginta
1098 1047 1199 1091 annos

155 1150 221 1195 non
243 1130 328 1193 oultu
351 1131 414 1195 1111
434 1130 571 1212 lugubri,
602 1149 667 1193 non
689 1131 795 1195 animo
817 1130 880 1195 nisi
902 1137 1025 1196 maesto
1048 1130 1127 1215 egit,
1154 1130 1200 1195 id·

153 1253 215 1317 que
231 1234 278 1298 illi
293 1235 496 1317 imperitante
514 1233 646 1299 Claudio
663 1236 793 1318 inpune,
807 1255 880 1298 mox
892 1234 933 1299 ad
942 1236 1078 1317 gloriam
1093 1237 1197 1299 vertit.

255 1338 307 1401 33.
330 1337 420 1401 Idem
443 1357 546 1402 annus
569 1338 675 1421 plures
698 1358 769 1403 reos
792 1338 913 1421 habuit,
938 1360 1071 1422 quorum
1092 1341 1127 1404 P.
1144 1339 1200 1403 Oe·
1251 1357 1347 1410 11111

155 1443 254 1506 lerem
280 1447 451 1506 aoousante
473 1440 560 1521 Asia,
594 1442 669 1523 quia
698 1442 863 1507 absolvere
891 1442 1045 1525 nequibat
1071 1442 1197 1526 Caesar,
1227 1427 1367 1549 gn‘ffuffi,

154 1547 263 1629 traxit,
294 1553 422 1610 senecta
450 1545 551 1609 donee
578 1553 711 1610 mortem
741 1547 856 1631 obiret,
888 1568 963 1611 nam
990 1547 1081 1612 Celer
1106 1549 1199 1613 inter·
1226 1566 1367 1619 11111111

155 1653 249 1733 festo,
274 1658 309 1714 ut
330 1651 512 1733 memoravi,
537 1649 645 1715 Silano
668 1670 724 1734 pro
741 1652 869 1716 consule
893 1651 1113 1733 magnitudine
1136 1673 1200 1717 see·
1235 1636 1361 1680 narretur.

155 1757 231 1821 leris
258 1760 363 1818 uetera
388 1752 511 1836 flagitia
538 1753 717 1836 obtegebat.
761 1754 984 1820 Cossutianum
1015 1755 1201 1839 Capitonem

154 1860 269 1924 Ciliees
302 1857 481 1921 detulerant
515 1857 710 1921 maculosum
744 1855 936 1940 foedumque
971 1866 1004 1923 et
1037 1858 1122 1923 idem
1152 1860 1201 1924 ius

155 1962 310 2027 audaeiae
337 1962 370 2024 in
398 1961 562 2044 provineia
588 1967 701 2043 ratum,
731 1962 816 2044 quod
842 1963 876 2026 in
899 1963 976 2028 urbe
1000 1971 1200 2047 exercuerat3

155 2067 213 2132 sed
236 2064 394 2150 pervieaei
416 2063 616 2129 aeousatione
640 2065 838 2130 conflictatus
860 2073 1020 2151 postremo
1044 2066 1202 2131 defensio·

154 2193 229 2237 nem
259 2169 364 2234 omisit
397 2189 435 2233 ae
464 2170 536 2251 lege
566 2171 813 2251 repetundarum
844 2171 1015 2235 damnatus
1047 2179 1104 2236 est.
1142 2192 1199 2254 pro

153 2277 251 2360 Eprio
279 2273 438 2356 Marcello,
468 2294 489 2336 a
515 2292 577 2355 quo
604 2274 695 2356 Lyoii
721 2293 772 2339 res
799 2274 994 2358 repetebant,
1030 2295 1068 2339 eo
1098 2294 1199 2358 usque

154 2379 295 2444 ambitus
320 2377 507 2462 praevaluit,
540 2384 575 2441 ut
603 2377 733 2460 quidam
760 2384 977 2442 aoousatorum
1009 2379 1077 2443 eius
1105 2380 1200 2443 exilio

154 2484 373 2564 multarentur,
397 2488 561 2563 tamquam
583 2482 702 2546 insonti
723 2483 899 2565 perieulum
922 2480 1085 2547 fecissent.

257 2691 308 2755 34.
336 2692 464 2756 Nerone
487 2691 615 2755 tertium
638 2691 767 2755 consule
795 2691 887 2755 simul
914 2692 984 2755 iniit
1006 2692 1202 2756 consulatum
1247 2708 1356 2760 11111

159 2796 307 2861 Valerius
332 2795 488 2878 Messalla,
520 2795 610 2858 euius
639 2814 801 2877 proavum,
835 2802 990 2859 oratorem
1021 2795 1200 2877 Corvinum,
1226 2779 1375 2898 “gnssffi‘

157 2901 233 2964 divo
250 2901 404 2981 Augusto,
427 2899 530 2963 abavo
553 2898 697 2978 Neronis,
722 2899 877 2981 oollegam
900 2899 934 2963 in
957 2918 993 2962 eo
1017 2901 1204 2981 magistratu

155 3004 255 3068 fuisse
285 3004 379 3085 pauci
400 3002 464 3065 iam
484 3022 595 3066 senum
618 3002 838 3067 meminerant.
863 3002 920 3067 sed
943 3002 1042 3067 nobili
1064 3003 1204 3068 familiae

155 3106 256 3171 bonor
284 3113 396 3170 auctus
419 3112 467 3169 est
489 3105 604 3169 oblatis
626 3105 659 3168 11
683 3106 824 3188 singulos
846 3126 948 3171 annos
968 3107 1136 3190 quingenis
1159 3128 1205 3172 se·

155 3211 283 3291 stertiis,
294 3210 409 3292 quibus
420 3208 569 3273 Messalla
583 3216 803 3292 paupertatem
819 3210 983 3274 innoxiam
999 3218 1202 3276 sustentaret.

154 3314 287 3378 Aurelio
311 3333 437 3396 quoque
459 3312 570 3377 Cottae
593 3320 625 3376 et
647 3313 777 3377 Haterio
799 3314 960 3378 Antonino
989 3333 1129 3378 annuam
1154 3336 1205 3398 pe·

156 3418 285 3482 suniam
310 3418 421 3481 statuit
442 3418 600 3501 prinoeps,
625 3419 772 3498 quamvis
794 3437 851 3501 per
865 3418 975 3481 luxum
999 3418 1103 3482 avitas
1125 3438 1201 3501 opes

154 3521 377 3606 dissipassent.

260 3625 338 3690 Eius
353 3626 430 3689 anni
443 3625 598 3710 prineipio
614 3623 763 3689 mollibus
778 3625 883 3689 adhue
898 3624 998 3689 initiis
1013 3625 1205 3708 prolatatum
1280 3642 1324 3685 11

155 3729 239 3793 inter
254 3727 391 3793 Parthos
413 3729 636 3810 Romanosque
658 3729 698 3792 de
722 3728 896 3793 obtinenda
911 3728 1064 3792 Armenia
1086 3727 1204 3792 bellum
1223 3708 1381 3762 ΝΜ·

155 3832 269 3897 aeriter
301 3833 479 3914 resumitur,
516 3833 591 3914 quia
625 3852 683 3896 nee
709 3832 883 3913 Vologeses
916 3830 1042 3894 sinebat
1075 3829 1204 3894 fratrem

155 3934 322 3999 Tiridaten
349 3934 417 3999 dati
446 3954 522 3999 ase
545 3934 636 4016 regni
659 3941 822 4017 expertem
853 3953 923 3997 esse
947 3939 1002 3995 aut
1024 3933 1148 3996 alienae
1170 3933 1203 3996 id

1060 4036 1089 4083 5*
