2984 4275
474 211 498 249 a.
511 195 545 251 U.
558 211 582 248 e.
594 197 655 251 814.
679 210 706 264 p.
719 194 782 249 Chr.
795 199 837 251 61.
1088 188 1091 191 ’
1131 179 1174 242 99

137 368 240 433 orimis
262 367 415 432 auxilinm
438 368 506 432 eius
528 368 686 433 orantium
705 367 807 433 flexus
822 374 879 451 est,
903 369 979 450 quin
1002 368 1092 434 daret
1106 389 1174 453 pro·

136 471 282 536 fectionis
309 470 435 553 signum
458 479 490 535 et
512 472 700 537 comitantes
726 473 760 537 in
787 479 911 558 partem
937 473 1073 556 agminis
1095 472 1175 538 acci-

136 580 236 658 peret:
260 575 287 638 si
309 594 388 656 quos
408 575 536 640 inbellis
558 595 652 641 sexus
674 583 730 639 aut
752 575 837 641 fessa
859 583 947 641 aetas
961 576 1014 640 vel
1033 576 1094 641 loci
1108 575 1175 640 dul·
1213 652 1216 657 g

136 679 214 743 cedo
241 680 423 760 attinuerat,
452 679 492 743 ab
520 679 610 744 hoste
638 681 780 763 oppressi
806 686 888 745 sunt.
927 679 1040 744 eadem
1066 679 1174 744 clades

137 782 309 867 municipio
330 782 512 847 Verulamio
540 783 609 867 fuit,
637 784 712 865 quia
739 784 867 849 barbari
889 784 1014 848 omissis
1037 783 1175 848 castellis

135 885 362 971 praesidiisque
396 886 587 970 militarium,
622 886 708 968 quod
739 887 934 951 uberrimum
966 887 1113 971 spolianti
1143 891 1175 951 et

136 990 381 1055 defendentibus
408 991 555 1076 intutum,
586 991 661 1055 laeti
690 990 811 1074 praeda
842 997 874 1054 et
899 991 1033 1055 aliorum
1059 1008 1175 1073 segnes

137 1095 298 1178 petebant.
330 1092 373 1157 ad
395 1095 597 1177 septuaginta
625 1095 711 1160 milia
741 1095 857 1159 civium
883 1103 916 1159 et
945 1094 1100 1160 sociorum
1125 1094 1174 1179 iis,

25 1270 26 1285 ἶ
136 1217 217 1279 quae
241 1198 414 1262 memoravi
435 1198 524 1281 loeis,
547 1198 698 1263 cecidisse
721 1199 869 1264 constitit.
893 1198 1104 1280 nequeenim
1127 1218 1176 1262 ca-

25 1326 26 1383 3
136 1321 211 1387 pere
233 1307 291 1365 aut
306 1300 493 1366 venundare
515 1301 643 1367 aliudve
658 1302 744 1383 quod
765 1303 840 1368 belli
864 1302 1095 1386 commercium,
1119 1302 1176 1367 sed

25 1398 26 1401 '
136 1404 252 1470 caedes
282 1406 434 1488 patibula,
464 1406 556 1489 ignes
586 1426 704 1490 cruces,
735 1413 899 1487 tamquam
927 1405 1080 1471 reddituri
1106 1426 1176 1490 sup

25 1530 26 1551 r
136 1509 266 1593 plicium
288 1528 326 1572 ac
347 1516 515 1593 praerepta
535 1510 662 1574 interim
684 1510 811 1592 ultione,
834 1509 1037 1575 festinabant

25 1722 26 1747 ³
137 1717 221 1780 lariis
236 1716 459 1781 vicensimariis
482 1723 514 1782 et
536 1717 720 1800 eproximis
741 1718 920 1801 auxiliares,
944 1717 1055 1781 decem
1076 1715 1175 1780 ferme

138 1923 287 2007 congredi
314 1924 382 1988 acie
409 1931 509 2008 parat.
547 1923 720 2008 deligitque
746 1926 852 1989 locum
877 1925 954 1989 artis
976 1923 1121 1988 faucibus
1144 1930 1176 1987 et

241 1612 294 1675 34.
322 1613 390 1676 Iam
413 1612 563 1677 Suetonio
586 1619 698 1693 quarta
720 1614 856 1678 decuma
877 1613 961 1696 legio
984 1633 1056 1677 cum
1078 1612 1176 1677 vexil·
1220 1624 1326 1749 ”pepla

1212 1764 1333 1817 salanam

139 1819 226 1885 milia
252 1827 460 1903 armatorum,
484 1827 584 1903 erant,
617 1840 690 1885 cum
712 1822 855 1886 omittere
882 1820 1118 1886 cunctationem
1145 1826 1177 1884 et
1193 1831 1350 1953 πίππὲἕῗίᾞ

1194 1910 1241 1946 rut
1308 1911 1321 1944 a

1211 1979 1238 2024 sn
1250 1971 1337 2023 llttcru.

25 2036 26 2115 ζ
115 2039 158 2106 spa
182 2034 273 2110 tergo
300 2027 382 2092 silva
409 2028 560 2109 clausum,
591 2029 668 2094 satis
695 2030 822 2112 cognito
848 2028 927 2093 nihil
953 2027 1090 2092 hostium
1116 2027 1177 2090 nisi

25 2126 26 2129 '
136 2130 169 2195 in
192 2131 295 2196 fronte
322 2137 355 2197 et
376 2137 519 2216 apertam
545 2131 710 2215 planitiem
737 2153 815 2218 esse,
843 2133 912 2198 sine
941 2139 1028 2196 metu
1049 2129 1177 2196 insidia-

138 2254 216 2299 rum.
255 2234 351 2316 igitur
372 2234 563 2320 legionarius
589 2236 736 2318 frequens
759 2237 930 2321 ordinibus,
957 2235 1037 2301 levis
1059 2235 1177 2299 circum

138 2344 310 2420 armatura,
342 2339 549 2420 conglobatus
577 2360 634 2424 pro
665 2341 812 2405 cornibus
846 2360 943 2422 eques
975 2338 1104 2404 adstitit.
1144 2342 1177 2402 at

136 2441 360 2507 Britannorum
387 2441 498 2525 copiae
525 2444 643 2527 passim
670 2464 727 2527 per
753 2451 897 2509 catervas
924 2448 956 2509 et
982 2449 1102 2507 turmas
1125 2462 1177 2506 ex-

111 2546 308 2629 sultabant,
339 2551 459 2627 quanta
489 2566 554 2611 non
586 2547 664 2611 alias
695 2547 873 2627 multitudo,
903 2553 935 2612 et
960 2546 1066 2611 animo
1096 2545 1177 2611 adeo

25 2649 26 2656 ’
136 2649 248 2735 feroci,
278 2656 314 2713 ut
344 2650 495 2733 coniuges
523 2669 648 2732 quoque
680 2657 777 2716 testes
803 2651 953 2715 victoriae
979 2669 1087 2714 secum
1116 2655 1176 2714 tra-

25 2801 26 2806 1
136 2752 249 2820 herent
279 2753 490 2837 plaustrisque
523 2754 727 2839 inponerent,
763 2774 845 2836 quae
874 2774 970 2838 super
999 2761 1176 2819 extremum

135 2857 292 2923 ambitum
315 2858 420 2942 campi
442 2864 622 2941 posuerant.

244 2960 295 3025 35.
319 2961 479 3025 Boudicca
501 2980 593 3025 curru
614 2960 694 3025 filias
715 2981 792 3045 prae
811 2980 845 3026 se
860 2961 991 3042 vehens,
1015 2966 1175 3041 utquam·
1220 2975 1328 3097 affin

135 3084 198 3147 que
221 3063 386 3129 nationem
407 3070 593 3145 accesserat,
617 3063 741 3128 solitum
757 3063 886 3145 quidem
905 3063 1066 3128 Britannis
1088 3062 1176 3128 femi·
1193 3114 1228 3167 „t
1241 3113 1295 3167 &a
1312 3123 1349 3157 sn.

134 3188 251 3234 narum
275 3166 371 3232 ductu
394 3168 515 3233 bellare
538 3168 724 3251 testabatur,
753 3166 809 3232 sed
831 3175 908 3232 tunc
934 3188 998 3232 non
1021 3175 1056 3231 ut
1078 3166 1176 3231 tantis

135 3272 309 3338 maioribus
331 3277 432 3336 ortam
452 3291 588 3354 regnum
602 3277 634 3336 et
649 3291 735 3355 opes,
759 3290 869 3335 verum
884 3278 919 3335 ut
933 3290 1030 3334 unam
1045 3289 1063 3333 e
1079 3270 1175 3352 vulgo

133 3375 318 3441 libertatern
344 3375 505 3455 amissam,
535 3374 715 3438 confectum
741 3374 925 3438 verberibus
951 3393 1074 3456 corpus,
1106 3392 1176 3438 con-

134 3485 305 3544 trectatam
330 3477 466 3542 filiarum
493 3477 678 3561 pudicitiam
704 3478 821 3542 ulcisci.
861 3497 898 3542 eo
926 3483 1091 3560 provectas
1118 3477 1177 3540 Ro-

134 3602 302 3647 manorum
325 3581 498 3666 cupidines,
521 3587 634 3646 utnon
650 3600 789 3664 corpora,
814 3599 854 3643 ne
870 3585 1033 3645 senectam
1048 3578 1175 3660 quidem

134 3693 191 3751 aut
221 3685 438 3769 virginitatem
470 3685 657 3768 inpollutam
689 3684 880 3766 relinquant.
925 3681 1038 3747 adesse
1068 3687 1176 3746 tamen

135 3788 212 3855 deos
234 3789 336 3853 iustae
359 3788 532 3853 vindictae:
557 3788 705 3853 cecidisse
727 3787 895 3869 legionem,
919 3804 1001 3866 quae
1023 3785 1176 3869 proelium

134 3911 214 3958 ausa
229 3892 282 3978 sit;
306 3898 427 3957 ceteros
443 3891 554 3957 castris
569 3891 718 3956 occultari
732 3895 787 3954 aut
803 3889 913 3972 fugam
928 3888 1175 3974 circumspicere.

551 3997 554 4003 .
1040 3994 1073 4043 μ
