2984 4275
509 154 533 190 a.
546 137 579 192 U.
593 153 616 190 c.
629 140 688 194 811.
712 154 738 205 p.
752 136 815 190 chr.
830 142 870 194 58.
1168 123 1206 184 ῙΙ

166 312 277 397 sumit3
301 312 423 376 minora
437 311 582 376 Cornelio
605 312 719 376 Flacco
741 312 848 393 legato
872 317 904 374 et
925 311 1044 375 Insteio
1064 311 1208 395 Capitoni

166 422 340 479 castrorum
369 415 530 497 praefecto
559 414 701 479 mandat.
747 424 816 479 tum
846 415 1081 497 circumspectis
1112 415 1209 478 muni-

168 520 283 583 mentis
314 526 346 583 et
378 539 460 601 quae
491 519 720 602 expugnationi
750 519 866 583 idonea
895 518 1037 601 provisis,
1069 519 1211 583 hortatur

167 623 295 704 milites,
323 629 358 686 ut
384 623 508 687 hostem
530 642 648 704 vagum
675 642 779 705 neque
805 623 878 706 paci
904 629 960 686 aut
981 623 1099 705 proelio
1121 643 1211 705 para·

168 733 245 808 turn,
274 726 331 790 sed
360 725 525 809 perfidiam
548 732 580 790 et
601 726 764 808 ignaviam
786 726 864 809 fuga
887 725 1089 790 confitentem
1118 745 1210 789 exue·

168 837 238 894 rent
266 830 395 895 sedibus
423 831 605 913 gloriaeque
634 830 753 913 pariter
781 837 812 894 ct
838 829 977 913 praedae
1000 830 1209 893 consulerent.

167 941 235 998 trun
258 933 486 1017 quadripertito
509 934 650 997 exercitu
671 933 730 997 hos
748 933 782 997 in
798 934 990 998 testudinem
1006 933 1211 1014 conglobatos

165 1036 348 1102 subruendo
362 1038 447 1102 vallo
469 1037 600 1119 inducit,
623 1038 702 1102 alios
725 1038 828 1101 scalas
848 1038 1014 1101 moenibus
1029 1036 1210 1119 admovere,

166 1142 284 1205 multos
306 1141 471 1205 tormentis
493 1141 582 1205 faces
605 1148 638 1205 et
652 1141 761 1205 hastas
783 1142 926 1205 incutere
948 1141 1044 1204 iubet.
1068 1140 1211 1205 libritori-

166 1244 226 1309 bus
241 1245 517 1327 funditoribusque
533 1245 703 1309 attributus
718 1246 816 1326 locus,
837 1243 922 1308 unde
939 1246 1060 1309 eminus
1076 1243 1211 1326 glandes

165 1355 358 1431 torquerent,
391 1365 431 1412 ne
462 1368 525 1430 qua
554 1368 629 1432 pars
659 1348 836 1413 subsidium
868 1349 1087 1413 laborantibus
1114 1347 1211 1412 ferret

166 1452 236 1535 pari
259 1450 399 1533 undique
420 1458 517 1515 metu.
541 1458 648 1516 tantus
671 1450 746 1515 inde
769 1452 862 1516 ardor
877 1451 1029 1516 certantis
1053 1452 1210 1516 exercitus

164 1555 236 1636 fuit,
259 1562 295 1619 ut
315 1556 399 1619 intra
414 1557 541 1620 tertiam
563 1555 625 1619 diei
648 1562 771 1640 partem
787 1555 900 1622 nudati
923 1557 1211 1639 propugnatoribus

164 1659 255 1743 muri,
280 1660 387 1724 obices
402 1666 564 1743 portarum
580 1661 734 1744 subversi,
756 1667 850 1744 capta
868 1680 1000 1725 escensu
1015 1660 1211 1723 munimenta

165 1782 341 1845 omnesque
376 1764 514 1847 puberes
547 1763 695 1828 trucidati
728 1765 800 1848 sint,
836 1765 921 1829 1111110
955 1764 1052 1828 milite
1082 1764 1209 1842 amisso,

166 1866 276 1950 paucis
299 1866 471 1930 admodum
487 1867 670 1933 vulneratis.
696 1874 728 1932 et
751 1868 867 1933 inbelle
883 1868 998 1950 vulgus
1020 1868 1078 1932 sub
1095 1885 1210 1932 corona

166 1970 397 2055 venundatum,
425 1972 547 2054 reliqua
574 1971 695 2055 praeda
719 1972 891 2036 victoribus
918 1972 1021 2036 cessit.
1058 1973 1129 2055 pari
1150 1971 1209 2035 for·
1326 2012 1329 2018 -

168 2081 247 2139 tuna
274 2076 398 2158 legatus
425 2095 463 2141 ac
489 2076 670 2160 praefectus
698 2077 746 2141 usi
770 2083 853 2159 sunt,
882 2076 1044 2159 tribusque
1071 2096 1135 2140 una
1158 2075 1209 2139 die

165 2180 306 2244 castellis
329 2181 522 2264 expugnatis
545 2188 650 2245 cetera
673 2189 791 2245 terrore
818 2189 850 2245 et
872 2181 936 2244 alia
962 2187 1073 2264 sponte
1096 2181 1209 2245 incola-

164 2304 235 2347 rum
261 2284 294 2347 in
322 2282 516 2349 deditionem
539 2285 722 2349 veniebant.
761 2283 846 2349 unde
874 2291 942 2349 orta
969 2283 1085 2347 fiducia
1113 2290 1210 2367 caput

165 2387 270 2469 gentis
293 2388 451 2452 Artaxata
473 2388 691 2471 adgrediendi.
716 2409 776 2453 nec
799 2396 905 2453 tamen
929 2389 1073 2472 proximo
1095 2388 1208 2451 itinere

165 2490 281 2556 ductae
313 2493 469 2577 legiones,
501 2512 582 2575 quae
610 2494 638 2558 si
669 2513 796 2557 amnem
824 2493 966 2574 Araxen,
998 2491 1053 2574 qui
1081 2492 1208 2555 moenia

165 2595 275 2676 adluit,
299 2603 395 2678 ponte
411 2596 716 2680 transgrederentur,
740 2598 798 2662 sub
822 2598 919 2661 ictum
943 2596 1114 2661 dabantur:
1138 2616 1207 2678 pro·

165 2700 217 2763 cul
239 2705 271 2763 et
293 2700 458 2764 latioribus
480 2701 572 2764 vadis
595 2701 758 2765 transiere.

268 2802 320 2867 40.
344 2804 387 2867 At
402 2803 559 2869 Tiridates
579 2805 700 2888 pudore
716 2812 747 2868 et
763 2812 859 2888 metu,
883 2824 933 2887 ne,
958 2805 985 2868 si
1000 2804 1207 2869 concessisset
1235 2814 1321 2867 111111
1335 2815 1373 2865 rut

163 2905 331 2989 1111111111,
359 2906 437 2970 nnn
460 2908 529 2991 ops
551 2909 584 2971 in
608 2909 675 2991 ipso
698 2909 866 2991 videretur,
891 2908 917 2973 si
939 2907 1127 2991 prohiberet,
1151 2908 1206 2971 im·
1244 2886 1364 3007 ‘3333'

164 3009 282 3094 peditis
304 3011 381 3075 locis
408 3031 507 3094 seque
533 3019 565 3076 et
588 3020 750 3095 equestres
778 3013 885 3097 copias
911 3013 1068 3095 inligaret,
1096 3011 1206 3076 statuit
1254 3024 1352 3103 11111111

165 3121 323 3198 postremo
346 3114 513 3180 ostendere
536 3116 637 3180 aciem
660 3121 692 3179 et
714 3116 789 3180 dato
813 3117 864 3181 die
885 3117 1040 3201 proelium
1066 3116 1205 3199 incipere
1253 3091 1350 3205 “w'‘

164 3219 216 3283 vel
240 3218 440 3283 simulatione
461 3219 557 3301 fugae
574 3221 676 3283 locum
692 3219 798 3284 fraudi
820 3240 941 3305 parare.
965 3220 1060 3302 igitur·
1075 3226 1205 3303 repente

164 3342 280 3404 agmen
303 3323 482 3387 Romanum
505 3323 736 3406 circumfundit,
766 3345 829 3389 non
852 3325 963 3407 ignaro
986 3324 1067 3388 duce
1089 3330 1205 3405 nostro,

165 3427 220 3508 qui
234 3417 316 3490 viae*
329 3428 448 3510 pariter
471 3435 503 3492 et
525 3447 652 3512 pugnae
667 3436 887 3513 composuerat
902 3429 1083 3493 exercitum.
1108 3428 1206 3490 latere

164 3529 277 3596 dextro
300 3533 394 3596 tertia
415 3533 509 3617 legio,
538 3533 664 3598 sinistro
692 3541 785 3598 sexta
811 3533 991 3613 incedebat,
1019 3530 1132 3600 mediis
1155 3530 1206 3594 de-

163 3636 360 3700 cimanorum
383 3637 529 3722 delectis,
558 3643 686 3721 recepta
712 3638 796 3702 inter
819 3636 945 3701 ordines
968 3634 1205 3718 impedimenta,

165 3746 197 3802 et
222 3746 347 3822 tergum
375 3741 462 3804 mille
490 3741 613 3825 equites
643 3742 823 3824 tuebantur,
857 3741 972 3822 quibus
998 3739 1143 3818 iusserat,
1172 3741 1207 3799 ut

164 3843 357 3908 instantibus
385 3845 560 3908 comminus
582 3844 773 3929 resisterent,
802 3844 929 3926 refugos
952 3864 1016 3907 non
1039 3859 1205 3924 sequeren-
