2984 4275
287 165 330 231 20
434 183 483 237 Ab
503 198 617 237 excessu
635 181 669 235 D.
682 182 809 251 Augusti
827 181 869 235 Xl
888 181 1081 250 37-383X11
1101 185 1176 238 1-4.

288 357 461 441 silentium,
504 364 537 421 at
573 358 704 423 libertus
740 357 908 441 increpans
947 357 1052 421 multis
1090 364 1122 422 et
1158 358 1328 423 servilibus

287 461 417 545 probris.

392 565 443 630 38.
478 566 568 630 Tunc
593 565 728 650 primum
756 564 914 629 fortunam
938 586 1029 630 suam
1055 565 1240 649 introspexit
1266 567 1327 631 fer·

287 690 420 753 rumque
453 670 600 754 accepit,
621 669 705 751 quod
739 669 856 733 frustra
886 670 993 752 iugulo
1028 677 1083 734 aut
1116 670 1235 753 pectori
1269 691 1328 753 per

288 770 533 858 trepidationem
555 774 731 838 admovens
753 773 817 837 ictu
839 773 958 838 tribuni
981 774 1174 855 transigitur.
1212 793 1328 857 corpus

289 878 381 942 matn'
404 897 595 942 concessum.
624 878 867 958 nuntiatumque
889 876 1021 941 Claudio
1044 877 1185 960 epulanti
1207 880 1326 961 perisse

289 981 501 1069 Messalinam,
525 1002 588 1045 non
612 980 770 1062 distincto,
794 1000 852 1045 sua
874 1000 915 1043 an
940 981 1044 1045 aliena
1066 1001 1172 1045 manu.
1193 1002 1252 1046 nec
1273 982 1328 1046 ille

290 1086 447 1167 quaesivit
469 1085 673 1169 poposcitque
695 1084 842 1168 poculum
865 1090 897 1148 et
916 1085 1008 1149 solita
1031 1085 1175 1149 convivio
1191 1086 1328 1151 celebra·

289 1189 345 1254 rit.
369 1209 411 1253 ne
433 1190 547 1254 secutis
570 1188 698 1272 quidem
720 1188 832 1253 diebus
854 1188 919 1252 odii
941 1188 1060 1270 gaudii,
1084 1190 1150 1253 irae
1173 1190 1328 1273 tristitiae,

291 1292 385 1357 ullius
415 1291 552 1376 denique
581 1292 712 1356 humani
742 1291 886 1356 adfectus
916 1292 1008 1375 signa
1037 1292 1133 1374 dedit,
1165 1314 1228 1358 non
1256 1313 1329 1357 cum

291 1396 446 1460 laetantes
467 1404 664 1460 accusatores
686 1395 851 1479 aspiceret,
875 1416 937 1460 nou
953 1416 1025 1460 cum
1044 1396 1124 1460 filios
1139 1404 1326 1462 maerentes.

290 1500 432 1582 iuvitque
466 1500 657 1565 obliuionem
692 1501 760 1564 eius
794 1506 921 1564 senatus
955 1501 1114 1564 censendo
1148 1521 1262 1566 nomen
1297 1508 1331 1565 et

291 1603 414 1686 effigies
443 1605 574 1688 privatis
601 1623 639 1667 ac
666 1604 800 1687 publicis
830 1603 908 1668 locis
939 1603 1162 1669 demovendas.
1201 1604 1329 1670 decreta

131 1722 261 1774 beluinum
290 1707 439 1772 Narcisso
470 1707 648 1790 quaestoria
682 1708 831 1791 insignia,
866 1707 1060 1772 levissimum
1094 1707 1222 1773 fastidio
1251 1709 1328 1789 eiua,

178 1793 220 1913 Ὦ
249 1891 256 1904 ο
292 1831 362 1876 cum
390 1831 483 1894 super
509 1811 686 1876 Pallantem
713 1818 744 1875 et
772 1811 933 1877 Callistum
965 1818 1082 1895 ageret,
1113 1832 1170 1896 per
1196 1813 1332 1877 honesta

293 1915 430 2000 quidem,
459 1914 515 1980 sed
542 1935 583 1979 ex
609 1916 680 1997 quis
708 1915 877 1980 deterrima
904 1922 1066 1980 orerentur
1088 1916 1332 1999 tristissimaque

292 2019 408 2085 multis.

673 2158 844 2240 LIBER
874 2159 948 2240 XII.

173 2348 223 2392 aa
400 2335 428 2397 1.
452 2332 557 2398 Caede
572 2332 762 2397 Messalinae
778 2333 929 2397 convulsa
951 2332 1104 2416 principis
1120 2332 1240 2413 domus,
1264 2340 1334 2398 orto

130 2418 269 2539 33³2}ssss
294 2436 379 2520 apud
401 2437 531 2501 libertos
553 2437 734 2518 certamine,
764 2437 834 2517 quis
856 2436 1010 2518 deligeret
1036 2456 1167 2501 uxorem
1189 2436 1332 2520 Claudio,

134 2556 175 2601 aa
189 2555 261 2608 ressa
295 2539 425 2604 caelibis
447 2541 532 2604 ritae
558 2539 741 2604 intoleranti
772 2547 803 2604 et
826 2541 996 2623 coniugum
1023 2540 1163 2623 imperiis
1186 2540 1331 2605 obnoxio.

141 2624 259 2747 „mm
295 2663 354 2707 nec
381 2643 502 2708 minore
529 2644 651 2707 ambitu
678 2643 817 2708 feminae
844 2651 1042 2709 exarserant:
1074 2665 1163 2708 suam
1188 2664 1334 2726 quaeque

143 2761 196 2808 ora
210 2762 257 2807 eae
294 2747 492 2812 nobilitatem
515 2747 648 2813 formam
672 2767 747 2829 opes
770 2747 961 2813 contendere
984 2767 1022 2811 ao
1037 2747 1135 2830 digna
1157 2755 1246 2812 tanto
1269 2748 1335 2812 ma-

138 2842 192 2877 ¹¹³¹¹²
206 2831 258 2883 w·
295 2850 441 2915 trimouio
456 2857 623 2915 ostentare.
640 2852 697 2916 sed
712 2852 852 2915 maxime
867 2851 1090 2934 ambigebatur
1104 2852 1185 2916 inter
1199 2852 1333 2916 Lolliam

296 2954 462 3018 Paulinam
484 2955 525 3019 M.
541 2955 634 3019 Lollii
658 2955 831 3019 consularis
853 2962 884 3019 et
906 2955 1020 3019 Iuliam
1035 2954 1244 3038 Agrippinam
1259 2954 1334 3019 Ger-

296 3059 419 3123 manico
441 3059 595 3140 genitam:
625 3059 698 3122 huic
720 3059 834 3140 Pallas,
862 3058 907 3122 illi
930 3058 1077 3123 Callistus
1099 3058 1238 3123 fautores
1261 3058 1334 3123 ade·

296 3168 380 3238 rant;
411 3168 444 3225 at
472 3162 562 3226 Aelia
589 3163 723 3226 Paetina
753 3181 771 3226 e
801 3161 923 3226 familia
952 3162 1155 3226 Tuberonum
1185 3162 1336 3229 Narcisso

297 3266 471 3331 fovebatur.
506 3266 573 3349 ipse
595 3266 656 3329 huc
678 3265 781 3348 mod0,
806 3265 899 3329 modo
921 3265 1005 3347 illuc,
1029 3272 1063 3329 ut
1086 3285 1243 3349 quemque
1264 3286 1334 3330 sua-

297 3369 441 3434 dentium
471 3369 625 3450 audierat,
656 3376 828 3453 promptus,
862 3368 1078 3433 discordantes
1106 3370 1140 3434 in
1171 3370 1335 3434 consilium

297 3481 390 3538 vocat
416 3494 453 3537 ac
480 3493 624 3557 promere
651 3473 842 3538 sententiam
870 3478 902 3536 et
924 3472 1049 3537 adicere
1076 3475 1214 3538 rationes
1236 3474 1334 3538 iubet.

403 3578 433 3642 2.
457 3577 623 3641 Narcissus
638 3583 729 3642 vetus
749 3576 995 3659 matrimonium,
1018 3577 1117 3641 tiliam
1137 3597 1336 3642 communem

301 3683 387 3768 (nam
412 3681 550 3745 Antonia
572 3701 613 3744 ex
635 3680 768 3744 Paetina
796 3680 886 3764 erat),
915 3681 993 3744 nihil
1015 3680 1049 3745 in
1076 3680 1245 3764 penatibus
1268 3681 1337 3745 eius

299 3806 417 3852 norum
433 3784 616 3867 disserebat,
641 3784 667 3848 si
682 3790 772 3848 sueta
787 3784 924 3846 coniunx
939 3783 1065 3862 rediret,
1089 3783 1335 3865 haudquaquam

299 3887 520 3955 novercalibus
535 3885 614 3951 odiis
630 3886 737 3951 visura
751 3886 978 3970 Britannicum,
995 3885 1169 3969 Octaviam,
1193 3888 1339 3970 proxima
