2984 4275
300 162 344 227 54
535 179 584 234 Ab
603 195 720 234 excessu
737 180 771 234 D.
784 180 907 250 Augusti
925 179 997 233 XIII
1015 183 1109 236 6—10.

300 352 342 417 ad
368 353 464 418 robur
492 354 612 433 deesse,
644 374 714 419 cum
742 362 855 420 octavo
884 354 1006 420 decimo
1033 355 1146 419 aetatis
1175 373 1261 419 anno
1283 354 1337 420 Cn.

300 456 478 542 Pompeius,
506 478 589 523 nono
616 458 738 523 decimo
765 458 882 525 Caesar
905 457 1099 524 Octavianus
1125 458 1230 523 civiha
1256 459 1340 524 bella

299 561 526 627 sustinuerint?
548 563 700 647 pleraque
722 563 756 626 in
779 581 904 627 summa
918 563 1046 628 fortuna
1059 562 1207 647 auspiciis
1223 570 1255 628 et
1270 583 1340 628 con-

299 665 377 730 siliis
400 685 496 747 quam
518 667 590 732 telis
612 673 644 732 et
667 667 815 732 manibus
837 670 914 750 geri.
952 667 1100 732 daturum
1126 667 1223 750 plane
1245 666 1339 731 docu-

299 775 450 851 mentum,
483 770 622 836 honestis
652 791 695 835 an
725 791 815 836 secus
848 771 958 836 amicis
991 777 1137 853 uteretur,
1172 770 1199 834 si
1228 770 1340 834 ducem

298 880 406 938 arnota
428 874 550 940 invidia
578 875 750 959 egregium,
778 894 874 956 quam
901 875 928 940 si
956 875 1160 958 pecuniosum
1185 880 1216 939 et
1237 875 1340 957 gratia

298 976 469 1042 subnixum
491 998 548 1062 per
569 980 725 1044 ambitum
747 979 908 1062 deligeret.

178 1095 232 1139 sor·
405 1081 433 1146 7.
457 1082 547 1146 Haec
562 1090 658 1165 atque
673 1084 750 1148 talia
765 1083 979 1166 vulgantibus,
996 1083 1081 1148 Nero
1097 1089 1129 1148 et
1143 1082 1340 1147 inventutem

129 1163 278 1287 3⁶,‘,},‘¹2¹,¹{{J{¹
300 1185 461 1268 proximas
492 1205 548 1269 per
574 1186 753 1270 provincias
782 1187 960 1267 quaesitam
989 1185 1174 1270 supplendis
1204 1184 1341 1251 Orientis

169 1304 242 1357 antor
299 1288 477 1371 legionibus
491 1288 661 1354 admovere
677 1290 881 1373 legionesque
904 1291 989 1374 ipsas
1012 1291 1140 1374 propius
1155 1290 1341 1354 Armeniam

133 1372 169 1417 Μ’
182 1373 276 1486 fg&
299 1392 455 1456 conlocari
477 1393 574 1475 iubet,
603 1392 746 1474 duosque
768 1400 892 1459 veteres
913 1413 1005 1476 reges
1027 1394 1203 1478 Agrippam
1225 1399 1257 1458 et
1279 1396 1340 1457 An-

141 1509 266 1557 tenora.
299 1494 438 1560 tiochum
462 1496 614 1580 expedire
637 1497 753 1581 copias,
783 1498 853 1579 qnis
876 1496 1066 1562 Parthorum
1093 1496 1172 1562 fines
1193 1498 1275 1561 ultro
1297 1498 1338 1561 in-

297 1604 425 1682 trarent,
457 1601 551 1664 simul
577 1608 689 1685 pontes
716 1621 928 1685 peromnem
956 1601 1150 1686 Euphratem
1178 1601 1280 1686 iungi,
1309 1607 1340 1666 et

298 1703 452 1768 minorem
474 1705 660 1770 Armeniam
683 1706 873 1787 Aristobulo,
902 1706 1064 1788 regionem
1090 1703 1259 1788 Sophenen
1287 1705 1340 1770 So-

297 1805 411 1872 haemo
435 1828 507 1873 cnm
529 1808 707 1892 insignibus
729 1810 826 1892 regiis
845 1808 986 1874 mandat.
1011 1818 1200 1890 exortusque
1214 1809 1248 1873 in
1263 1817 1340 1873 tem-

297 1930 373 1995 pore
396 1914 539 1978 aemulus
554 1914 702 1996 Vologesi
724 1914 808 1978 iilius
823 1914 1004 1979 Vardanes:
1028 1919 1060 1977 et
1082 1914 1266 1979 abscessere
1285 1915 1340 1977 Ar-

298 2014 404 2079 menia
427 2016 546 2099 Parthi,
570 2023 732 2098 tamquam
755 2017 917 2082 differrent
939 2017 1067 2081 bellum.

151 2132 247 2179 tarsun
403 2119 432 2186 8.
468 2121 533 2186 Sed
563 2122 649 2206 apud
679 2128 825 2187 senatum
852 2121 959 2187 omnia
988 2121 1021 2186 in
1050 2121 1152 2188 maius
1181 2121 1341 2187 celebrata

123 2202 280 2327 Qum?
297 2231 372 2288 sunt
394 2227 560 2291 sententiis
582 2246 700 2308 eorum,
727 2226 783 2307 qui
805 2226 1051 2310 supplicationes
1081 2232 1113 2290 et
1135 2225 1247 2291 diebus
1269 2245 1340 2310 sup-

135 2343 265 2390 asoeetoo
297 2327 505 2410 plicationum
535 2338 656 2395 vestem
685 2329 820 2414 principi
850 2330 1083 2414 triumphalem,
1115 2338 1211 2410 utque
1236 2349 1340 2394 ovans

151 2412 245 2458 Μ·
297 2435 409 2499 urbem
431 2433 535 2517 iniret,
560 2433 764 2516 effigiemque
777 2433 845 2498 eins
860 2434 929 2517 pari
944 2432 1163 2517 magnitudine
1178 2453 1216 2497 ac
1231 2434 1340 2498 Martis

297 2538 415 2605 Ultoris
438 2537 550 2602 eodem
576 2538 610 2602 in
633 2539 751 2621 templo
779 2558 939 2622 censuere,
967 2544 1093 2621 praeter
1115 2545 1239 2603 suetam
1265 2537 1340 2602 adu·

297 2643 450 2707 lationem
482 2641 568 2724 laeti,
600 2641 685 2722 quod
714 2641 888 2706 Domitium
914 2641 1122 2707 Corbulonem
1153 2640 1340 2706 retinendae

296 2745 467 2810 Armeniae
483 2751 708 2828 praeposuerat
724 2744 957 2827 videbaturque
971 2746 1059 2810 locus
1073 2745 1243 2810 virtutibus
1254 2752 1339 2828 pate-

297 2849 409 2914 factus.
433 2849 542 2931 copiae
558 2847 696 2914 Orientis
718 2849 764 2913 ita
779 2849 971 2933 dividuntur,
995 2856 1031 2913 ut
1050 2869 1123 2933 pars
1138 2849 1339 2913 auxiliarium

297 2970 369 3017 cnm
392 2952 524 3017 duabus·
540 2953 717 3035 legionibus
740 2953 827 3037 apud
849 2953 1043 3036 provinciam
1065 2952 1191 3017 Suriam
1211 2960 1242 3016 et
1257 2953 1339 3035 lega-

297 3062 363 3120 tum
391 3056 458 3120 eius
483 3054 680 3132 Quadratum
703 3056 900 3122 Ummidium
927 3064 1114 3138 remaneret,
1142 3077 1202 3140 par
1224 3057 1339 3121 civium

297 3160 515 3241 sociorumque
538 3179 688 3225 numerus
710 3159 881 3225 Corbuloni
904 3167 997 3243 esset,
1020 3159 1137 3225 additis
1160 3160 1340 3225 cohortibus

296 3263 428 3345 alisque,
452 3264 582 3344 quaein
598 3263 800 3348 Cappadocia
815 3263 1010 3328 hiemabant.
1035 3264 1112 3329 socii
1127 3283 1227 3347 reges,
1248 3270 1340 3348 prout

296 3368 379 3433 bello
402 3367 604 3448 conduceret,
628 3387 739 3451 parere
761 3367 852 3451 inssi,
876 3366 933 3431 sed
957 3367 1061 3432 studia
1084 3387 1193 3432 eorum
1215 3367 1248 3431 in
1268 3368 1339 3433 Cor-

296 3471 445 3537 bulonem
469 3471 662 3555 promptiora
685 3478 785 3536 erant.
826 3471 879 3551 qui
902 3478 937 3535 ut
959 3472 1091 3536 instaret
1113 3471 1228 3553 famae,
1257 3491 1339 3552 quae

295 3576 328 3639 in
353 3575 443 3641 novis
466 3576 586 3660 coeptis
609 3574 803 3640 validissima
826 3582 882 3655 est,
906 3576 1018 3640 itinere
1039 3595 1173 3660 propere
1196 3574 1339 3640 confecto

296 3678 381 3763 apud
396 3679 522 3762 Aegeas
538 3678 701 3744 civitatem
717 3679 845 3744 Ciliciae
860 3679 989 3743 obvium
1005 3679 1202 3756 Quadratum
1216 3679 1338 3762 habuit,

295 3782 369 3847 illuo
399 3802 609 3867 progressum,
640 3804 690 3866 ne,
722 3784 748 3847 si
778 3782 821 3847 ad
850 3783 1051 3867 accipiendas
1080 3783 1187 3867 copias
1214 3781 1338 3847 Suriam

295 3886 477 3952 intravisset
497 3887 642 3971 Corbulo,
671 3888 812 3952 omniurn
839 3907 893 3951 ora
920 3887 953 3951 in
977 3907 1010 3953 se
1033 3894 1180 3972 uerteret,
1210 3906 1338 3971 corpore
