2984 4275
486 219 510 258 a.
523 203 556 258 U.
570 220 592 257 o.
606 207 666 261 819.
689 221 717 273 p.
731 203 793 258 Chr.
807 207 848 259 66.
1127 189 1189 252 163

246 375 302 440 al.
326 377 426 459 Igitur
447 378 535 442 omni
557 378 683 443 civitate
706 377 747 441 ad
768 378 990 462 excipiendum
1013 379 1186 462 principem
1228 392 1341 446 settim

143 480 418 566 spectandumque
439 502 547 564 regem
568 482 678 564 effusa,
695 482 838 547 Thrasea
860 502 991 548 occursu
1010 482 1187 568 prohibitus
1206 462 1243 507 ³⁸⁶
1259 462 1355 575 {3⁸³⁸

142 605 208 650 non
236 585 362 650 demisit
390 586 542 667 animum,
573 585 631 651 sed
659 585 820 650 codicillos
850 586 892 650 ad
919 587 1077 651 Neronem
1107 607 1188 652 com·
1217 601 1257 678 ³5¹¹
1270 600 1353 650 estc.

142 690 260 774 posuit,
290 690 455 773 requirens
487 691 611 755 obiecta
642 696 674 754 et
704 695 953 773 expurgaturum
984 690 1187 772 adseverans,
1205 669 1363 784 ffiffif‘

142 795 170 858 si
192 793 341 859 notitiam
367 794 533 859 criminum
560 799 591 858 et
613 795 737 879 copiam
765 794 908 859 diluendi
930 794 1102 860 habuisset.
1134 814 1188 859 eos

142 898 305 965 codicillos
323 899 409 963 Nero
432 905 638 982 properanter
659 900 790 982 accepit,
813 919 870 983 spe
893 900 1077 964 exterritum
1092 899 1189 964 Thra-

143 1025 232 1071 seam
250 1003 423 1088 scripsisse,
447 1023 504 1086 per
520 1023 602 1086 quae
617 1004 838 1069 claritudinem
858 1003 1009 1087 principis
1025 1005 1190 1069 extolleret

143 1128 301 1190 suamque
312 1107 432 1172 famam
444 1106 677 1173 dehonestaret.
695 1108 780 1191 quod
791 1109 847 1174 ubi
862 1130 926 1174 uon
938 1107 1044 1173 evenit
1057 1109 1190 1172 vultum-

144 1234 207 1297 que
232 1220 264 1278 et
287 1212 415 1295 spiritus
438 1218 470 1276 et
492 1213 670 1277 libertatem
693 1213 827 1278 insontis
854 1214 935 1277 ultro
959 1212 1113 1295 extimuit,
1137 1233 1190 1277 vo·

143 1318 209 1383 cari
232 1323 339 1402 patres
361 1316 458 1381 iubet.

250 1421 303 1486 25.
326 1422 408 1485 Tum
423 1421 566 1486 Thrasea
588 1421 671 1486 inter
684 1422 844 1506 proximos
867 1423 1066 1505 consultavit,
1090 1430 1188 1506 temp·
1222 1429 1334 1510 'tituta

142 1532 270 1591 taretne
300 1525 516 1590 defensionem
544 1548 585 1591 an
616 1533 789 1610 sperneret.
828 1527 953 1592 diversa
983 1528 1115 1593 consilia
1135 1527 1188 1592 ad·
1206 1498 1364 1623 ssff‘mssf

142 1631 338 1696 ferebantur.
373 1631 488 1713 quibus
509 1630 622 1695 intrari
644 1631 765 1696 curiam
787 1632 945 1716 placebat,
968 1652 1094 1698 securos
1118 1652 1187 1698 esse
1207 1639 1365 1692 crassata

143 1735 185 1799 de
217 1736 395 1800 constantia
425 1737 492 1800 eius
523 1735 698 1820 disserunt;
730 1737 808 1800 nihil
838 1737 1005 1819 dicturum,
1036 1738 1097 1802 uisi
1127 1758 1187 1820 quo
1253 1709 1319 1762 Μαι

143 1840 279 1922 gloriam
302 1846 443 1922 augeret.
482 1859 596 1922 segnes
619 1846 652 1904 et
675 1840 807 1923 pavidos
830 1841 985 1925 supremis
1005 1842 1070 1906 suis
1090 1862 1189 1907 seore-

143 1950 214 2007 tum
238 1943 450 2009 circumdare:
478 1945 636 2028 aspiceret
658 1946 794 2029 populus
810 1946 913 2010 virum
935 1946 1026 2011 morti
1050 1947 1189 2031 obvium,

143 2047 271 2113 audiret
294 2055 424 2114 senatus
444 2068 538 2114 voces
561 2049 653 2130 quasi
675 2069 714 2113 ex
738 2049 844 2131 aliquo
867 2051 996 2114 numine
1019 2070 1114 2134 supra
1136 2051 1190 2116 hu·

145 2172 277 2217 manas:
309 2174 401 2237 posse
422 2154 492 2238 ipso
515 2154 667 2218 miraculo
695 2154 790 2219 etiam
816 2155 976 2219 Neronem
1003 2157 1188 2239 permoveri.

146 2255 195 2319 sin
223 2257 404 2321 crudelitati
433 2258 602 2339 insisteret,
634 2256 787 2339 distingui
820 2265 905 2322 certe
934 2257 1020 2341 apud
1049 2266 1190 2341 posteros

147 2362 333 2425 memoriam
363 2361 488 2427 honesti
510 2362 613 2427 exitus
635 2362 677 2426 ab
705 2362 836 2444 ignavia
862 2383 919 2447 per
940 2362 1100 2426 silentium
1123 2383 1190 2445 per·-

147 2466 301 2531 euntium.

252 2571 304 2636 26.
339 2570 455 2635 Contra
481 2571 535 2652 qui
563 2571 793 2655 opperiendum
823 2570 909 2635 domi
936 2571 1117 2653 censebant,
1148 2570 1189 2635 de
1260 2591 1312 2636 oet

147 2676 216 2761 ipso
239 2676 382 2739 Thrasea
405 2675 528 2756 eadem,
561 2675 617 2739 sed
643 2675 781 2740 ludibria
804 2683 835 2740 et
858 2675 1064 2740 contumelias
1089 2676 1190 2740 immi·
1217 2661 1354 2784 {gum

147 2801 241 2846 nere:
264 2779 464 2844 subtraheret
486 2800 580 2845 aures
603 2780 754 2845 conviciis
777 2786 808 2845 et
831 2780 962 2864 probris.
1001 2800 1065 2844 non
1088 2781 1188 2845 solum
1259 2800 1318 2853 rote.
1419 2781 1421 2787 “

147 2884 368 2950 Cossutianum
390 2890 446 2948 aut
468 2884 600 2967 Eprium
622 2884 664 2948 ad
686 2885 789 2950 scelus
812 2890 989 2969 promptos:
1024 2904 1190 2968 superesse

148 2990 203 3071 qui
229 2988 362 3054 forsitan
389 3008 502 3053 manus
529 2988 674 3071 ictusque
701 3009 759 3073 per
780 2989 1012 3054 immanitatem
1034 2989 1190 3072 ingesturi

147 3094 227 3178 sint;
253 3093 348 3158 etiam
370 3086 471 3158 bonos
494 3099 581 3157 metu
603 3092 702 3176 sequi.
727 3092 906 3157 detraheret
929 3093 1033 3177 potius
1054 3094 1189 3176 senatui,

148 3218 243 3281 quem
266 3197 509 3281 peromarisset,
531 3196 698 3261 infamiam
712 3198 795 3261 tanti
809 3197 929 3282 flagitii,
954 3203 986 3262 et
1000 3197 1191 3280 relinqueret

147 3301 313 3384 incertum,
338 3301 414 3384 quid
429 3301 498 3366 viso
514 3302 656 3366 Thrasea
678 3322 732 3367 reo
755 3302 911 3367 decreturi
934 3309 1040 3386 patres
1062 3302 1188 3367 fuerint.

147 3413 183 3471 ut
197 3407 359 3472 Neronem
381 3405 571 3488 flagitiorum
594 3404 696 3489 pudor
719 3413 856 3490 caperet,
879 3406 975 3470 inrita
990 3426 1046 3489 spe
1061 3406 1188 3489 agitari;

147 3511 311 3591 multoque
338 3510 441 3592 magis
468 3509 654 3595 timendum,
686 3530 727 3575 ne
755 3511 789 3574 in
816 3510 994 3594 coniugem,
1025 3509 1058 3572 in
1080 3509 1188 3591 filiam,

146 3615 181 3680 in
204 3622 310 3680 cetera
331 3615 465 3698 pignora
488 3615 555 3679 eius
578 3614 724 3680 saeviret.
757 3615 885 3698 proinde
907 3615 1121 3697 intemeratus,
1144 3614 1189 3677 in·

147 3719 297 3802 pollutus,
321 3738 453 3800 quorum
469 3719 612 3802 vestigiis
627 3725 658 3784 et
673 3719 786 3785 studiis
801 3719 901 3783 vitam
921 3718 1055 3800 duxerit,
1080 3737 1188 3782 eorum

148 3823 249 3906 gloria
271 3828 393 3907 peteret
414 3823 521 3888 finem.
560 3823 675 3906 aderat¹
698 3823 827 3889 oonsilio
853 3822 999 3888 Rusticus
1021 3823 1188 3903 Arulenus,

146 3925 288 4010 flagrans
315 3926 448 4011 iuvenis,
481 3934 513 3992 et
541 3927 687 4012 cupidine
714 3927 818 3992 laudis
847 3926 1002 3992 offerebat
1032 3946 1066 3991 se
1095 3926 1189 3991 inter-

1035 4032 1084 4080 11r
