2984 4275
456 216 481 253 6.
494 200 527 254 U.
540 215 563 252 c.
576 200 665 267 80617.
683 215 710 266 p.
720 198 784 252 Chr.
799 200 869 266 5314.
1141 182 1184 246 49

145 393 182 437 66
203 373 320 438 minaci
342 373 528 457 Agrippina,
557 393 639 454 quae
660 372 724 438 filio
747 372 824 437 dare
846 373 1022 457 imperium,
1050 374 1183 438 tolerare

143 477 375 561 imperitantem
398 478 559 559 nequibat.

245 581 297 646 66.
322 581 470 646 Ceterum
486 582 611 646 obiecta
625 587 708 663 sunt,
733 580 819 662 quod
841 581 1010 663 coniugem
1033 581 1184 665 principis
1256 601 1306 654 aas

141 684 362 750 devotionibus
389 685 554 769 petivisset
576 684 723 767 quodque
749 704 861 767 parum
885 684 1027 749 oodrcitis
1049 705 1105 768 per
1126 684 1182 749 Oa·
1214 669 1349 793 ‘my'

141 788 274 854 labriam
298 801 460 854 servorum
482 788 664 871 agminibus
686 807 799 872 pacem
822 788 935 852 ltaliae
958 788 1109 853 turbaret.
1141 790 1357 862 6166666666

140 892 220 957 haec
235 913 320 957 mors
335 891 464 974 indicta,
481 894 613 957 multum
629 891 818 956 adversante
833 892 991 973 Narcisso,
1008 893 1061 973 qui
1070 892 1181 976 Agrip·
1208 876 1349 999 ‘affl'

140 983 250 1081 pinam
273 997 375 1079 magis
397 996 562 1079 magisque
589 1003 775 1080 suspectans
797 996 988 1080 prompsisse
1010 996 1092 1061 inter
1114 1017 1181 1081 pro·
1207 1086 1226 1131 ὅ
1237 979 1335 1131 §Ituran⁸

1227 1088 1236 1130 t
1279 1098 1307 1140 un
1322 1098 1348 1142 pt

139 1102 243 1166 ximos
270 1100 430 1166 ferebatur
453 1106 572 1164 certam
599 1099 658 1164 sibi
686 1099 870 1184 perniciem,
898 1119 955 1164 seu
982 1100 1181 1165 Britannicus
1200 1156 1353 1203 mm,

137 1224 243 1269 rerum
266 1224 323 1269 seu
344 1205 430 1268 Nero
452 1211 624 1288 poteretur,
649 1223 759 1268 verum
779 1204 824 1267 ita
840 1203 880 1268 de
895 1223 930 1268 se
945 1204 1090 1268 meritum
1105 1205 1181 1270 an-

136 1328 252 1390 sarem,
277 1315 311 1372 ut
332 1308 432 1372 vitam
456 1308 525 1372 usui
548 1308 615 1372 eius
638 1307 834 1391 inpenderet.
859 1308 1037 1372 convictam
1060 1310 1180 1374 Messa-

136 1412 237 1476 linam
260 1418 291 1477 et
314 1411 438 1493 Silium;
471 1429 562 1495 pares
583 1411 699 1475 iterum
721 1411 893 1476 accusandi
916 1432 1028 1477 causas
1052 1433 1130 1497 esse,
1154 1414 1181 1477 si

135 1517 222 1581 Nero
245 1516 454 1600 imperitaret,
483 1514 667 1579 Britan-nico
694 1535 871 1581 successore
899 1516 1023 1581 nullum
1047 1518 1180 1602 principi

137 1628 273 1684 metum:
308 1627 341 1684 at
373 1639 529 1684 novercae
563 1619 685 1684 insidiis
718 1619 847 1683 domum
877 1640 1003 1684 omnem
1032 1622 1177 1706 convelli,

136 1724 255 1788 maiore
289 1723 418 1806 flagitio,
454 1743 551 1804 quam
581 1723 607 1788 si
639 1722 859 1806 inpudicitiam
893 1723 1005 1807 prioris
1038 1724 1178 1807 coniugis

134 1828 319 1892 reticuisset.
343 1847 536 1909 quamquam
559 1847 600 1891 ne
623 1826 843 1910 inpudicitiam
866 1826 995 1908 quidem
1018 1848 1102 1893 nunc
1124 1828 1178 1892 ab·

134 1933 204 1996 <isse
227 1932 373 1996 Pallante
395 1931 549 2013 adultero,
578 1951 619 1995 66
642 1931 711 2011 quis
734 1930 877 2013 ambigat
905 1930 1002 1995 decus
1025 1931 1177 2014 pudorem

133 2055 256 2119 corpus,
288 2042 402 2100 cuncta
432 2055 529 2118 regno
557 2035 667 2100 viliora
696 2034 826 2099 habere.
865 2034 945 2099 haec
975 2043 1070 2115 atque
1101 2035 1177 2099 talia

134 2139 286 2205 dictitans
308 2140 459 2223 amplecti
481 2139 708 2223 Britannicum,
737 2139 834 2204 robur
856 2140 971 2203 aetatis
993 2159 1090 2220 quam
1114 2161 1177 2203 ma-

135 2244 301 2308 turrimum
316 2244 447 2328 precari,
472 2243 564 2308 modo
587 2242 629 2307 ad
645 2243 731 2327 deos,
756 2241 850 2307 modo
865 2244 908 2307 ad
923 2243 1028 2326 ipsum
1043 2242 1176 2307 tendere

132 2368 256 2430 manus,
273 2347 476 2431 adolesceret,
493 2346 591 2430 patris
605 2346 749 2411 inimicos
764 2346 946 2431 depelleret,
959 2347 1067 2411 matris
1079 2346 1175 2412 etiarn

132 2451 351 2516 interfectores
374 2451 585 2516 ulcisceretur.

237 2555 290 2619 66.
327 2556 366 2619 16
399 2561 488 2619 66666
526 2555 608 2619 mole
642 2568 789 2620 curarum
823 2554 1006 2650 valetudine
1039 2554 1175 2620 adversa
1211 2572 1335 2627 666666

131 2658 305 2743 corripitur,
340 2657 583 2739 refovendisque
613 2658 732 2723 viribus
763 2657 894 2722 mollitia
925 2659 1005 2723 caeli
1035 2666 1067 2724 66
1094 2660 1174 2724 salu·
1249 2642 1296 2696 ¹³⁰¹
1325 2663 1328 2669 '

129 2763 248 2827 britate
271 2782 424 2844 aquarum
451 2762 633 2827 Sinuessam
647 2763 767 2853 pergit.
806 2770 874 2827 turn
896 2763 1081 2848 Agrippina,
1110 2784 1175 2828 see·
1202 2713 1341 2836 {biblii

130 2866 203 2931 leris
234 2867 309 2931 olim
339 2873 426 2933 certa
452 2873 483 2930 et
513 2867 638 2932 oblatae
668 2867 840 2932 occasionis
869 2888 1002 2951 propera
1031 2888 1090 2932 666
1121 2868 1175 2932 mi·
1215 2852 1330 2905 mmm·

129 2971 301 3036 nistrorum
330 2991 436 3053 egens,
468 2970 508 3034 de
538 2990 653 3052 genere
681 2970 797 3035 veneni
827 2971 1026 3052 consultavit,
1057 2992 1098 3036 66
1128 2993 1175 3036 re·

128 3074 260 3157 pontino
294 3080 326 3138 et
354 3074 517 3158 praecipiti
547 3074 671 3139 facinus
701 3073 897 3157 proderetur,
932 3076 959 3139 si
988 3076 1111 3140 lentum
1142 3084 1174 3141 et

129 3177 275 3242 tabidum
309 3177 491 3261 delegisset,
526 3198 566 3242 ne
595 3178 741 3243 admotus
775 3178 930 3260 supremis
961 3177 1110 3245 Claudius
1141 3187 1172 3244 et

130 3280 203 3346 dolo
229 3281 389 3358 intellecto
416 3280 458 3345 ad
484 3301 626 3346 amorem
653 3281 711 3345 filii
736 3280 863 3345 rediret,
902 3282 1092 3363 exquisitum
1118 3285 1172 3348 ali-

129 3385 206 3466 quid
228 3384 384 3469 placebat,
413 3385 496 3466 quod
524 3386 664 3449 turbaret
688 3391 828 3450 mentem
852 3392 884 3449 et
907 3393 1038 3450 mortem
1069 3387 1171 3452 differ-

128 3497 184 3554 ret.
208 3488 359 3570 deligitur
380 3489 496 3553 artifex
518 3488 629 3553 talium
651 3488 807 3554 vocabulo
829 3490 975 3571 Locusta,
1000 3512 1099 3574 nuper
1121 3513 1171 3557 ve·

128 3592 232 3658 666611
259 3591 412 3657 damnata
438 3600 470 3657 66
499 3592 554 3656 diu
583 3592 666 3657 inter
694 3593 904 3658 instrumenta
933 3595 1023 3676 regni
1051 3596 1169 3662 habita.

128 3700 195 3764 eius
225 3699 365 3764 mulieris
394 3699 522 3781 ingenio
552 3705 698 3782 paratum
728 3698 828 3781 virus,
863 3699 951 3764 cuius
981 3699 1123 3765 minister
1152 3721 1169 3765 e

127 3802 321 3886 spadonibus
358 3803 419 3867 fuit
450 3803 599 3884 Halotus,
638 3801 756 3868 inferre
793 3802 902 3886 epulas
939 3810 971 3867 et
1005 3805 1169 3887 explorare

127 3913 222 3989 gustu
246 3907 363 3971 solitus.
1092 3993 1098 4002 .

178 4018 275 4061 61666166
289 4018 323 4062 tet
336 4018 468 4062 66666611.
484 4017 616 4072 (carata
626 4016 648 4061 br
658 4016 749 4071 scurra)
1048 4014 1065 4061 4
