2984 4275
294 176 356 239 144
522 194 571 248 Ab
590 209 705 248 excessu
724 193 757 248 D.
771 192 899 262 Augusti
916 194 971 249 XV
990 198 1101 251 59-63.

291 365 393 432 donec
416 387 529 433 manus
556 368 691 433 militum
717 368 893 450 adveniret,
925 388 1004 452 quos
1025 369 1109 434 Nero
1136 370 1253 434 tirones
1275 377 1332 435 aut

291 471 454 556 stipendiis
476 479 619 536 recentes
643 472 820 555 delegerat:
844 492 920 537 nam
935 480 1027 538 vetus
1049 473 1139 538 miles
1160 473 1332 539 timebatur

291 581 454 658 tamquam
470 576 579 641 favore
592 577 732 641 inbutus.
757 577 835 642 obiit
851 577 995 661 abruptis
1014 576 1214 642 brachiorum
1229 579 1330 643 venis.

290 687 516 745 testamentum
530 678 631 744 foedis
645 679 800 745 adversus
810 681 971 746 Neronem
987 680 1221 746 adulationibus
1232 683 1333 746 amori

191 798 194 805 '
291 785 397 850 uxoris
427 784 524 866 dedit,
556 805 652 867 quam
683 783 875 868 degenerem
904 793 937 850 et
967 786 1035 850 sola
1064 786 1201 870 corporis
1229 786 1333 851 forma

292 888 545 953 commendatam
567 889 661 954 amici
684 888 885 954 matrimonio
907 889 1091 954 abstulerat
1127 908 1242 954 nomen
1265 910 1331 955 mu-

291 993 360 1057 lieri
382 992 486 1058 Satria
508 992 610 1077 Galla,
638 994 733 1077 priori
756 993 870 1058 marito
894 994 1051 1058 Domitius
1073 991 1172 1059 Silus:
1204 994 1255 1059 110
1277 1015 1333 1078 pa-

291 1096 411 1180 tientia,
434 1096 489 1160 illa
510 1096 695 1181 inpudicitia
716 1097 840 1162 Pisonis
863 1096 1028 1162 infamiam
1050 1117 1275 1181 propagavere.

125 1212 265 1266 01011100
396 1199 447 1265 60.
470 1200 653 1265 Proximam
674 1220 787 1265 necem
810 1201 927 1265 Plautii
950 1201 1099 1266 Laterani
1122 1201 1257 1266 consulis
1279 1201 1332 1267 de·

135 1284 261 1398 ,mmm
293 1303 409 1386 signati
435 1304 521 1368 Nero
547 1304 702 1385 adiungit,
733 1303 818 1369 adeo·
840 1318 983 1388 propere,
1014 1313 1134 1370 utnon
1166 1305 1333 1389 complecti

291 1408 415 1488 liberos,
450 1428 514 1472 000
542 1407 621 1472 illud
655 1408 752 1473 breve
783 1409 891 1473 mortis
925 1408 1091 1473 arbitrium
1123 1409 1328 1492 permitteret.

291 1516 400 1594 raptus
421 1512 455 1575 in
477 1511 581 1576 locum
603 1511 768 1577 servilibus
790 1512 899 1596 poenis
922 1513 1094 1595 sepositum
1120 1531 1217 1577 manu
1238 1511 1333 1576 Statii

291 1614 410 1680 tribuni
431 1614 614 1699 trucidatur,
644 1616 758 1700 plenus
780 1617 956 1681 constantis
978 1598 1094 1681 silentii
1120 1635 1180 1680 neo
1201 1614 1330 1680 tribuno

292 1718 432 1785 obiciens
454 1719 589 1784 eandem
612 1720 848 1786 conscientiam.

150 1837 247 1883 0000
395 1823 544 1905 Sequitur
574 1823 688 1888 caedes
710 1824 837 1890 Annaei
866 1822 1017 1908 Senecae,
1049 1825 1220 1891 laetissima
1249 1825 1332 1909 priu-

119 1908 275 2029 Jfflffi,
292 1927 364 2013 cipi,
387 1948 451 1992 non
473 1929 548 2009 quia
569 1929 794 1994 coniurationis
815 1928 1019 1994 manifestum
1042 1936 1246 2014 compererat,
1273 1930 1333 1995 sed

292 2039 327 2096 ut
354 2031 436 2096 ferro
461 2038 665 2116 grassaretur,
697 2032 825 2114 quando
848 2053 1008 2098 venenum
1035 2053 1100 2098 non
1126 2040 1329 2117 processerat.

291 2137 375 2203 solus
401 2136 518 2222 quippe
546 2137 671 2203 Natalis
701 2145 733 2203 et
760 2136 915 2203 hactenus
946 2140 1106 2222 prompsit,
1139 2140 1269 2204 missum
1295 2158 1331 2204 se

292 2242 335 2307 ad
355 2248 520 2325 aegrotum
541 2240 707 2327 Senecam,
729 2242 776 2306 uti
795 2243 911 2307 viseret
934 2249 1250 2326 conquerereturque,
1275 2263 1331 2308 cur

292 2347 439 2413 Pisonem
461 2345 551 2411 aditu
565 2353 699 2411 arceret:
725 2347 836 2411 melius
852 2346 929 2430 fore,
953 2348 979 2411 01
994 2348 1167 2412 amicitiam
1181 2347 1332 2411 familiari
1363 2348 1368 2355 ’

292 2471 462 2534 congressu
484 2452 706 2516 exercuissent.
731 2458 763 2515 et
778 2450 977 2535 respondisse
992 2450 1149 2516 Senecam
1169 2470 1332 2517 sermones

292 2562 416 2621 mutuos
443 2562 475 2620 et
501 2556 610 2620 erebra
640 2556 806 2638 conloquia
835 2556 940 2621 neutri
969 2555 1160 2640 conducere3
1192 2562 1331 2620 ceterum

291 2661 426 2725 salutem
458 2679 550 2725 suam
583 2659 800 2724 incolumitate
833 2659 956 2724 Pisonis
990 2660 1090 2724 inniti.
1135 2658 1216 2723 haec
1249 2658 1332 2725 ferre

292 2763 412 2828 (iarius
434 2762 582 2828 Silvanus
604 2762 750 2827 tribunus
772 2762 950 2847 praetoriae
974 2761 1118 2845 cohortis,
1141 2769 1173 2827 ct
1188 2782 1231 2826 an
1246 2763 1332 2828 dicta

291 2867 417 2933 Natalis
449 2886 569 2949 000000
602 2886 753 2951 responsa
786 2876 941 2951 nosceret,
968 2866 1145 2951 percontari
1176 2865 1330 2931 Senecam

292 2973 425 3038 iubetur.
449 2971 476 3036 10
499 2971 579 3036 forte
602 2991 644 3034 an
666 2971 805 3055 prudens
827 2969 869 3035 ad
892 2991 967 3035 eum
989 2971 1073 3035 diem
1096 2990 1137 3035 ex
1156 2969 1331 3054 Campania

291 3082 491 3142 remeaverat
521 3081 732 3158 quartumque
762 3075 850 3158 apud
881 3075 1022 3158 lapidem
1051 3074 1232 3139 suburbano
1260 3093 1332 3139 rure

293 3181 484 3247 substiterat.
513 3181 567 3244 illo
589 3179 767 3264 propinqua
788 3198 922 3263 vespera
945 3179 1090 3244 tribunus
1113 3179 1200 3242 venit
1223 3185 1256 3242 et
1277 3179 1332 3242 vil-

293 3288 359 3351 lam
380 3285 484 3369 globis
506 3285 641 3349 militum
663 3284 796 3368 saepsit;
821 3291 890 3348 tum
911 3284 972 3368 ipsi
995 3303 1066 3347 oum
1081 3283 1232 3367 Pompeia
1253 3284 1332 3348 Pau-

293 3391 360 3455 lina
381 3409 479 3454 uxore
495 3396 527 3453 et
541 3390 651 3454 amicis
666 3388 790 3453 duobos
805 3388 946 3471 epulanti
962 3387 1113 3452 mandata
1134 3386 1332 3471 imperatoris

173 3521 226 3568 mitt
295 3493 403 3560 edidit.
1323 3543 1325 3550 ‚

134 3592 267 3709 ”⁰”,⁵1}{¹‘”¹
399 3599 450 3662 61.
474 3598 596 3663 Seneca
618 3599 748 3664 missum
771 3599 813 3661 ad
836 3617 870 3662 se
892 3597 1042 3661 Natalem
1063 3602 1331 3678 conquestumque

145 3672 255 3790 ,zmigssg
295 3704 423 3767 nomine
446 3702 577 3785 Pisonis,
608 3701 734 3783 quoda
756 3700 889 3765 visendo
918 3719 955 3764 eo
977 3698 1205 3784 prohiberetur,
1236 3718 1332 3781 seque

121 3805 210 3858 resono
224 3805 270 3857 toa
296 3806 451 3869 rationem
472 3805 664 3870 valetudinis
694 3813 726 3870 et
752 3825 895 3870 amorem
923 3805 1037 3888 quictis
1064 3806 1266 3871 excusavisse
1287 3825 1331 3869 re

132 3874 267 3993 031ζοῧῖΪο
294 3907 431 3991 spondit.
471 3927 525 3971 our
551 3909 684 3973 salutem
711 3909 827 3993 privati
854 3908 990 3973 hominis
1020 3909 1227 3975 incolumitati
1256 3928 1330 3974 suae
