2984 4275
482 210 507 249 a.
520 195 553 250 U.
566 211 590 250 c.
604 199 662 252 812.
687 213 714 265 p.
727 196 790 251 Chr.
803 201 845 253 59.
1141 182 1181 245 87

149 367 317 433 editissima
339 376 527 453 prospectat.
569 389 702 436 accenso
724 391 801 454 rogo
827 370 959 436 libertus
982 371 1049 436 eius
1071 391 1183 453 cogno·

33 512 34 545 ;
149 479 249 537 mento
272 473 413 537 Mnester
434 492 468 537 se
491 473 558 558 ipse
575 475 657 539 ferro
671 474 837 558 transegit,
861 474 1027 558 incertum,
1051 474 1183 540 caritate

147 576 178 640 in
199 582 365 660 patronam
388 597 429 641 an
452 583 538 641 metu
560 578 658 643 exitii.
680 578 831 643 huncsui
853 576 948 642 finem
973 578 1089 643 multos
1108 584 1183 643 ante

33 680 34 689 ’
148 699 244 745 annos
270 680 447 745 crediderat
469 681 646 766 Agrippina
671 687 975 766 contempseratque.
1013 701 1090 746 nam
1112 702 1182 747 con-

148 784 260 848 sulenti
281 803 376 868 super
396 784 523 850 Nerone
547 785 776 869 responderunt
797 785 950 850 Chaldaei
972 785 1048 868 fore,
1071 791 1106 851 ut
1129 786 1183 850 im·

149 892 269 970 peraret
291 894 486 971 matremque
509 888 681 975 occideret3
709 895 806 973 atque
827 889 882 953 illa
905 881 1049 954 ‘occidat’
1071 888 1182 973 inquit,

149 984 231 1055 ‘dum
253 986 408 1075 imperet.³

251 1095 299 1160 10.
325 1094 388 1160 Sed
411 1115 431 1159 a
453 1095 588 1161 Caesare
609 1096 751 1181 perfecto
773 1096 901 1160 demum
924 1097 1041 1161 scelere
1065 1097 1184 1179 magni·
1259 1114 1301 1159 so

147 1198 222 1263 tudo
243 1199 310 1264 eius
325 1199 486 1264 intellecta
505 1205 561 1265 est.
585 1202 705 1283 reliquo
720 1202 822 1266 noctis
836 1201 930 1266 modo
952 1221 1009 1284 per
1023 1200 1183 1265 silentium
1216 1184 1344 1306 Ἥξψ

147 1301 276 1386 defixus,
301 1302 427 1387 saepius
448 1322 565 1387 pavore
588 1323 762 1388 exsurgens
785 1312 817 1369 et
831 1306 946 1370 mentis
967 1304 1059 1389 inops
1081 1305 1183 1369 lucem
1210 1325 1247 1369 aa
1262 1323 1349 1375 autur

146 1406 369 1490 opperiebatur
397 1412 560 1489 tamquam
593 1407 723 1472 exitium
758 1408 944 1473 adlaturam.
982 1415 1077 1490 atque
1111 1428 1183 1472 eum
1214 1394 1344 1516 cumbe

147 1514 272 1574 auctore
291 1510 391 1575 Burro
413 1510 515 1594 prima
537 1511 753 1576 centurionum
769 1512 1029 1594 tribunorumque
1043 1511 1184 1576 adulatio
1219 1533 1344 1585 caecian

148 1613 188 1677 ad
215 1633 306 1698 spem
332 1613 478 1696 fimavit,
508 1616 727 1699 prensantium
759 1636 887 1680 manum
918 1616 1183 1698 gratantiumque,
1202 1601 1357 1656 ‘'l‘lmflll

148 1716 233 1800 quod
259 1716 426 1782 discrimen
454 1720 649 1802 inprovisum
677 1725 708 1783 et
735 1719 844 1784 matris
870 1719 994 1784 facinus
1020 1720 1184 1784 evasisset.

148 1822 241 1886 amici
264 1819 380 1885 dehinc
401 1821 490 1886 adire
517 1823 646 1907 templa,
674 1829 705 1887 et
732 1829 842 1907 coepto
869 1824 1015 1906 exemplo
1041 1824 1187 1907 proxima

147 1924 340 2009 Campaniae
367 1926 540 2009 municipia
566 1925 703 1991 victimis
730 1934 763 1992 et
789 1926 1001 2009 legationibus
1031 1926 1185 1990 laetitiam

148 2029 269 2093 testari:
296 2029 365 2112 ipse
391 2029 518 2094 diversa
545 2029 746 2095 simulatione
774 2036 912 2094 maestus
939 2035 971 2094 et
993 2031 1083 2112 quasi
1103 2029 1186 2094 inco·

147 2132 284 2198 lumitati
317 2153 394 2199 suae
427 2133 571 2200 infensus
605 2155 644 2200 ac
673 2134 767 2200 morti
799 2132 940 2218 parentis
972 2133 1185 2198 inlacrimans.

147 2238 222 2320 quia
243 2245 352 2302 tamen
374 2260 447 2322 non,
475 2246 510 2303 ut
532 2239 695 2304 hominum
717 2240 832 2322 vultus,
861 2239 905 2302 ita
927 2237 1067 2302 locorum
1089 2237 1187 2301 facies

148 2347 318 2425 mutantur,
342 2340 632 2425 obversabaturque
654 2342 750 2407 maris
771 2343 856 2407 illius
879 2346 910 2405 et
932 2341 1057 2405 litorum
1079 2340 1187 2422 gravis

148 2451 297 2529 aspectus
321 2446 366 2528 (et
389 2452 488 2528 erant,
513 2446 566 2529 qui
589 2445 754 2510 crederent
777 2447 914 2510 sonitum
938 2445 1032 2509 tubae
1055 2443 1188 2508 collibus

147 2549 266 2613 cneum
282 2547 376 2613 editis
390 2550 598 2632 planctusque
613 2550 735 2614 tumulo
751 2550 860 2614 matris
875 2548 1000 2633 audiri),
1020 2548 1187 2631 Neapolim

148 2652 304 2717 concessit
330 2652 515 2736 litterasque
541 2653 584 2717 ad
607 2659 753 2718 senatum
781 2653 874 2737 misit,
904 2672 1035 2736 quarum
1063 2671 1187 2716 summa

147 2764 215 2820 erat
238 2763 397 2840 repertum
424 2777 497 2821 curn
525 2756 607 2822 ferro
630 2776 847 2840 percussorem
870 2757 1053 2838 Agerinum,
1081 2774 1121 2819 ex
1142 2756 1188 2819 in·

29 2931 30 2934 Ἴ
149 2859 233 2924 timis
258 2859 453 2944 Agrippinae
486 2859 617 2944 libertis,
652 2867 685 2925 et
714 2861 810 2925 luisse
844 2879 915 2925 eam
948 2879 1084 2944 poenam
1118 2878 1188 2923 con-

29 3185 30 3250 j
148 3172 280 3236 sortium
302 3171 426 3254 imperii
448 3171 666 3254 iuraturasque
688 3172 722 3236 in
743 3171 882 3236 feminae
896 3172 995 3236 verba
1016 3170 1188 3254 praetorias

147 2963 292 3045 scientia,
316 2969 478 3046 tamquam
501 2964 606 3029 scelus
628 2963 813 3047 paravisset.

255 3067 306 3131 11.
341 3067 508 3132 Adiciebat
530 3067 661 3132 crimina
687 3068 812 3150 longius
838 3067 982 3150 repetita,
1012 3066 1096 3149 quod
1118 3085 1188 3132 con·
1205 3090 1266 3212 fia
1279 3090 1336 3203 pus

1215 3171 1225 3204 t
1236 3169 1261 3203 nt
1305 3161 1362 3202 illm

148 3275 295 3341 cohortes
317 3275 465 3356 idemque
488 3274 625 3340 dedecus
648 3281 777 3339 senatus
804 3281 836 3338 et
857 3274 966 3358 populi
988 3273 1187 3358 speravisset,
1206 3227 1363 3350 abierim

149 3399 187 3444 ac
215 3384 383 3463 postquam
409 3378 526 3442 frustra
552 3377 663 3442 habita
689 3378 739 3459 sit,
767 3377 892 3442 infensa
921 3377 1013 3442 militi
1033 3375 1189 3461 patribus·
1224 3366 1346 3480 ''¹‘ng

150 3502 212 3565 que
235 3489 268 3547 et
290 3482 377 3565 plebi
404 3481 604 3546 dissuasisset
627 3480 812 3546 donativum
840 3487 872 3546 et
895 3479 1089 3563 congiarium
1111 3478 1189 3563 peri-

150 3587 285 3669 culaque
311 3586 388 3650 viris
418 3585 602 3650 inlustribus
632 3586 809 3649 struxisset.
848 3589 967 3667 quanto
997 3602 1052 3647 suo
1082 3582 1189 3647 labore

151 3695 376 3774 perpetratum,
400 3708 441 3752 ne
463 3689 657 3772 inrumperet
679 3689 808 3770 curiam,
831 3686 1034 3769 negantibus
1050 3684 1190 3750 externis

151 3812 304 3877 responsa
325 3791 431 3856 daret!
455 3798 632 3876 temporum
656 3811 780 3875 quoque
795 3790 1039 3855 Claudianorum
1062 3788 1190 3870 obliqua

153 3894 360 3961 insectatione
383 3901 497 3960 cuncta
518 3896 586 3960 eius
609 3895 834 3961 dominationis
860 3892 980 3977 flagitia
1001 3893 1035 3957 in
1058 3899 1190 3957 matrem
