2984 4275
515 191 539 228 a.
552 174 585 229 U.
599 190 622 228 c.
635 178 694 231 801.
719 191 745 242 p.
759 174 820 229 Chr.
834 178 876 232 48.
1171 159 1211 222 21

173 349 240 413 suis
261 348 404 431 pignora.
442 348 590 413 Callistus
612 348 813 432 inprobatam
839 350 933 431 longo
956 349 1088 415 discidio
1110 370 1158 433 ac,
1188 350 1215 414 si

173 472 300 516 rursum
322 452 548 535 adsumeretur,
573 472 610 517 eo
624 452 694 536 ipso
710 454 895 537 superbam,
918 453 1075 537 longeque
1098 454 1215 518 rectius

175 556 310 621 Lolliam
332 556 450 640 induci,
475 556 603 638 quando
623 557 725 621 nullos
749 558 864 622 liberos
886 558 1055 641 genuisset,
1079 577 1214 622 vacuam

172 660 390 725 aemulatione
413 666 445 724 et
459 660 614 743 privignis
636 662 777 744 parentis
799 662 868 725 loco
890 660 1037 725 futuram.
1062 668 1095 726 at
1110 662 1216 727 Pallas

174 764 208 828 id
223 765 363 828 maxime
378 763 411 828 in
426 764 602 848 Agrippina
616 765 756 848 laudare,
774 765 858 849 quod
874 764 1053 830 Germanici
1068 773 1216 849 nepotem

173 887 284 933 secum
303 866 455 933 traheret:
480 868 612 951 dignum
635 888 762 952 prorsus
783 869 987 953 imperatoria
1008 868 1135 933 fortuna
1149 869 1216 933 stir-

176 992 249 1055 pem
276 972 417 1037 nobilem
444 979 476 1037 et
502 972 643 1037 familiae
665 972 818 1037 Claudiae
845 979 987 1057 posteros
1010 973 1216 1056 coniungere,

173 1082 207 1141 et
229 1096 270 1140 ne
285 1075 405 1141 femina
427 1083 577 1160 expertae
599 1075 812 1160 fecunditatis,
843 1078 968 1159 integra
993 1077 1132 1161 iuventa,
1157 1077 1216 1141 ola·

176 1179 346 1245 titudinem
368 1180 539 1245 Caesarum
562 1180 658 1246 aliam
680 1181 714 1245 in
737 1181 865 1246 domum
888 1180 992 1245 ferret.

280 1286 310 1349 3.
338 1284 550 1349 Praevaluere
572 1283 653 1349 haec
679 1284 790 1350 adiuta
811 1284 1009 1369 Agrippinae
1031 1285 1215 1350 inlecebris:
1252 1303 1374 1356 aaaron

174 1388 218 1452 ad
241 1409 314 1452 eum
336 1408 394 1472 per
408 1389 547 1472 speciem
562 1388 803 1454 necessitudinis
826 1390 936 1454 crebro
951 1389 1139 1453 ventitando
1154 1391 1217 1473 pel·
1243 1370 1381 1495 ,m‘lgffgm

176 1493 241 1556 licit
263 1499 420 1576 patruum,
445 1499 480 1558 ut
502 1493 646 1576 praelata
668 1493 783 1558 ceteris
805 1499 837 1557 et
851 1493 993 1557 nondum
1016 1514 1095 1558 uxor
1110 1501 1215 1577 poten·
1293 1512 1337 1556 aar

173 1594 220 1660 tia
243 1596 355 1661 uxoria
381 1597 446 1660 iam
473 1603 621 1662 uteretur.
660 1617 735 1660 nam
758 1596 814 1661 ubi
836 1597 885 1660 sui
912 1598 1104 1661 matrimonii
1130 1605 1217 1661 oerta
1243 1580 1383 1702 sibilo&

174 1701 244 1785 fuit,
277 1708 397 1765 struere
427 1700 548 1765 maiora
579 1701 770 1783 nuptiasque
796 1701 937 1784 Domitii,
969 1721 1064 1783 quern
1092 1720 1132 1765 ex
1159 1700 1215 1767 Cn.
1242 1719 1383 1765 reseco

173 1805 391 1870 Ahenobarbo
413 1812 575 1888 genuerat,
600 1811 632 1868 ct
653 1803 805 1870 Octaviae
824 1805 970 1870 Caesaris
992 1805 1077 1869 filiae
1100 1806 1214 1871 moliri·
1293 1789 1333 1834 ‘¹¹¹⁸

1207 1856 1215 1889 ,
1334 1859 1339 1868 .

173 1908 261 1991 quod
283 1908 353 1974 sine
375 1910 493 1973 scelere
515 1909 693 1993 perpetrari
714 1929 779 1973 non
801 1915 933 1992 poterat,
958 1908 1032 1990 quia
1053 1909 1089 1973 L.
1107 1908 1216 1974 Silano
1248 1858 1375 1983 diffidi

175 2012 388 2095 desponderat
402 2011 568 2077 Octaviam
583 2011 700 2077 Caesar
722 2012 935 2095 iuvenemque
958 2019 990 2077 et
1009 2013 1074 2076 alia
1096 2013 1216 2077 clarum
1261 1999 1363 2054 l‘ffil‘l‘

173 2116 292 2200 insigni
312 2116 550 2201 triumphalium
574 2123 606 2181 ct
620 2115 802 2200 gladiatorii
820 2117 959 2182 muneris
983 2115 1217 2200 magnificentia

173 2222 347 2305 protulerat
369 2221 411 2286 ad
439 2221 544 2287 studia
565 2222 664 2304 vulgi.
703 2220 760 2287 sed
787 2220 865 2285 nihil
892 2221 1026 2286 arduum
1048 2219 1217 2285 videbatur

173 2324 208 2389 in
236 2324 343 2388 animo
369 2326 531 2410 principis,
560 2326 610 2390 cui
637 2346 701 2391 uon
728 2325 891 2408 iudicium,
922 2343 986 2388 non
1014 2323 1120 2388 odium
1149 2331 1216 2388 erat

174 2429 237 2493 nisi
258 2428 360 2493 indita
385 2436 418 2493 et
439 2430 534 2495 iussa.

279 2533 310 2598 4.
345 2533 446 2615 Igitur
469 2534 624 2617 Vitellius,
652 2534 781 2598 nomine
807 2533 945 2598 censmis
972 2532 1102 2597 serviles
1128 2531 1216 2596 falla·
1253 2558 1371 2608 acroam

174 2636 242 2701 cias
257 2637 412 2720 obtegens
427 2638 704 2721 ingruentiumque
719 2638 971 2702 dominationum
985 2636 1137 2721 provisor,
1153 2656 1215 2717 quo
1247 2625 1380 2751 wlff

159 2741 310 2822 'gratiam
325 2742 520 2824 Agrippinae
542 2749 677 2825 pararet,
701 2742 841 2806 consiliis
863 2742 931 2806 eius
946 2740 1109 2824 implicari,
1134 2739 1215 2803 ferre
1255 2770 1367 2821 neqeunt

174 2845 308 2909 crimina
329 2846 362 2909 in
386 2845 538 2929 Silanum,
567 2847 655 2911 ouius
678 2865 756 2911 sane
784 2846 899 2910 deeora
922 2852 954 2910 et
976 2863 1093 2928 procax
1120 2863 1214 2927 soror,
1234 2840 1390 2954 &³2³⁰ss

175 2948 269 3013 Iunia
290 2949 432 3032 Calvina,
463 2950 551 3014 haud
576 2950 710 3013 multum
737 2956 813 3014 ante
836 2949 951 3014 Vitellii
979 2968 1077 3013 nurus
1103 2948 1215 3012 fuerat.
1241 2919 1287 3023 „21⁸1
1301 2919 1382 3023 ἕως,

175 3051 250 3116 hino
273 3053 398 3117 initium
420 3054 643 3138 accusationis;
666 3053 863 3134 fratrumque
885 3074 949 3117 non
971 3053 1136 3135 incestum,
1160 3051 1216 3116 sed
1265 3049 1359 3162 offla

174 3156 401 3222 incustoditum
423 3177 563 3221 amorem
586 3157 628 3221 ad
650 3156 816 3222 infamiam
842 3158 949 3221 traxit.
988 3165 1020 3221 et
1041 3156 1218 3241 praebebat
1336 3149 1343 3162 ’

176 3259 293 3325 Caesar
315 3281 417 3344 aures,
440 3262 634 3344 accipiendis
649 3261 802 3326 adversus
816 3280 969 3343 generum
985 3260 1217 3344 suspicionibus

176 3366 308 3429 caritate
334 3364 419 3429 filiae
446 3366 625 3448 promptior.
665 3371 698 3429 at
726 3365 854 3430 Silanus
881 3364 1067 3428 insidiarum
1095 3364 1217 3429 nescius

176 3488 215 3533 ao
241 3469 322 3533 forte
352 3489 389 3533 eo
417 3490 501 3533 anno
528 3476 663 3552 praetor,
696 3475 828 3552 repente
857 3489 913 3552 per
939 3468 1078 3533 edictum
1100 3467 1218 3532 Vitellii

177 3573 287 3637 ordine
306 3574 463 3638 senatorio
479 3579 632 3655 moretm,
656 3592 849 3655 quamquam
864 3574 944 3638 lecto
967 3571 1089 3655 pridem
1105 3578 1218 3635 senatu

177 3676 339 3759 lustroque
369 3677 504 3742 condito.
543 3677 635 3741 simul
670 3676 868 3741 adfinitatem
901 3675 1051 3740 Claudius
1082 3674 1216 3755 diremit,

177 3781 370 3864 adactusque
389 3781 517 3846 Silanus
537 3781 659 3846 eiurare
680 3780 910 3864 magistratum,
929 3787 960 3843 et
974 3779 1113 3858 reliquus
1130 3796 1218 3860 prae·

177 3892 266 3951 turae
289 3885 413 3951 diesin
436 3886 567 3969 Eprium
589 3885 773 3949 Marcellum
796 3884 938 3949 conlatus
961 3888 1017 3946 est.
