2984 4275
514 210 584 266 111.
598 226 621 265 1.
635 214 694 267 800.
718 226 745 277 p.
758 208 821 263 Chr.
833 214 876 265 47.
1172 195 1211 257 11

172 384 371 467 precantium
400 384 632 468 imperatorem,
667 391 710 464 ut,
746 383 860 464 quibus
891 384 1101 468 permissurus
1131 391 1214 449 esset

174 487 340 570 exercitus,
363 487 568 571 triumphalia
590 494 665 551 ante
686 487 849 552 tribueret.

279 590 330 654 21.
369 592 418 655 De
447 591 569 673 origine
596 591 694 655 Curtii
724 588 810 673 Rufi,
840 611 934 673 quem
960 590 1136 673 gladiatore
1163 612 1214 674 ge·
1236 605 1378 721 &⁸qupr

173 694 276 758 nitum
291 693 421 775 quidam
443 694 619 778 prodidere,
643 713 746 777 neque
763 694 846 758 falsa
867 695 1076 777 prompserim
1090 702 1122 758 et
1136 714 1214 760 vera
1269 745 1352 796 m,

174 798 307 879 exsequi
321 797 428 881 pudet
451 804 619 882 postquam
634 798 783 880 adolevit,
802 804 937 862 sectator
956 798 1139 881 quaestoris,
1164 797 1215 861 111

173 899 284 964 Africa
312 900 478 983 obtigerat,
509 902 585 965 dum
611 901 646 965 in
673 901 789 985 oppido
812 901 986 965 Adrumeto
1016 900 1126 965 vacuis
1159 920 1216 983 per

175 1002 316 1068 medium
339 1003 403 1068 dici
424 1004 596 1088 porticibus
617 1011 757 1069 secretus
777 1005 887 1087 agitat,
912 1005 1019 1069 oblata
1042 1004 1073 1068 ei
1094 1004 1215 1087 speeies

175 1106 338 1172 muliebris
360 1108 443 1173 ultra
464 1108 593 1173 modum
622 1106 797 1172 humanum
825 1115 857 1173 et
879 1108 988 1172 audita
1015 1113 1063 1172 cst
1085 1127 1148 1171 vox
1170 1100 1215 1171 ‘tu

175 1229 219 1290 es,
246 1210 338 1294 Rufe,
367 1213 422 1294 qui
449 1213 482 1276 in
509 1213 591 1276 hano
619 1212 816 1294 provinciam
845 1233 903 1296 pro
930 1212 1057 1277 consule
1084 1207 1216 1276 venies.²

175 1314 233 1378 tali
256 1316 360 1379 omine
381 1316 415 1379 in
435 1334 524 1399 spem
547 1316 691 1381 sublatus
714 1315 946 1398 degressusque
966 1316 1000 1379 in
1023 1314 1135 1379 urbem
1156 1315 1215 1378 lar-

175 1418 294 1499 gitione
316 1419 499 1499 amisorum,
524 1419 699 1483 simulacri
720 1420 850 1501 ingenio
866 1425 1068 1501 quaesturam
1091 1425 1123 1482 et
1141 1438 1216 1482 mox

175 1520 298 1586 nobiles
319 1523 402 1587 inter
425 1522 612 1587 candidatos
626 1529 809 1607 praeturam
830 1522 983 1607 principis
998 1522 1147 1604 suffragio
1163 1522 1216 1585 ad·

175 1626 326 1709 sequitur,
360 1646 432 1691 cum
463 1626 549 1691 hisce
577 1628 686 1692 verbis
715 1628 863 1691 Tiberius
893 1625 1033 1690 dedecus
1062 1627 1215 1689 natalium

176 1728 244 1793 eius
258 1730 445 1795 velavisset:
469 1723 605 1795 ‘Curtius
619 1730 722 1795 Rufus
738 1730 865 1795 videtur
879 1729 958 1794 mibi
981 1751 1022 1795 ex
1043 1749 1078 1793 se
1100 1724 1214 1793 natus’.

176 1832 273 1914 longa
301 1839 372 1916 post
401 1834 481 1899 haec
509 1841 647 1916 senecta,
682 1841 714 1898 11
743 1834 896 1898 adversus
926 1835 1103 1918 superiores
1135 1833 1218 1897 tristi

177 1936 367 2020 adulatione,
391 1937 549 2021 adrogans
563 1938 745 2019 minoribus,
770 1939 853 2003 inter
873 1958 966 2022 pares
981 1936 1130 2018 difficilis,
1146 1956 1216 2001 oon·

163 2035 282 2104 sulare
303 2041 481 2126 imperium,
504 2042 657 2126 triumphi
678 2043 819 2125 insignia
841 2061 880 2105 11
901 2048 1060 2125 postremo
1075 2039 1216 2103 Africam

177 2145 325 2229 obtinuit3
350 2153 445 2227 atque
466 2147 512 2212 ibi
534 2146 702 2212 defunctus
724 2147 822 2211 fatale
845 2147 1045 2231 praesagium
1062 2145 1215 2228 implevit.

281 2248 333 2313 22.
370 2249 498 2314 Interea
525 2251 655 2334 Romae,
687 2250 782 2315 nullis
811 2251 917 2333 palam
948 2268 1052 2332 neque
1083 2247 1217 2330 cognitis
1239 2263 1279 2309 ou
1293 2262 1389 2308 morus.

147 2435 150 2439 ¹
177 2372 252 2416 mox
275 2353 387 2436 causis,
414 2353 471 2418 On.
495 2354 618 2418 Nonius
640 2373 739 2435 eques
760 2354 923 2417 Romanus
953 2352 1035 2417 ferro
1058 2351 1217 2416 accinctus

176 2456 331 2539 reperitur
352 2457 386 2521 11
408 2462 500 2523 coetu
522 2458 716 2522 salutantum
739 2458 924 2541 principem.
952 2476 1027 2519 nam
1051 2461 1217 2539 postquam

177 2561 344 2625 tormentis
366 2560 589 2642 dilaniabatur,
613 2561 703 2626 dese
725 2581 791 2625 111
813 2560 966 2624 infitiatus
989 2559 1131 2624 conscios
1153 2578 1217 2621 non

177 2663 285 2745 edidit,
308 2665 463 2729 incertum
486 2685 527 2728 11
550 2665 722 2730 occultans.

282 2767 389 2833 Isdem
411 2769 593 2834 consulibus
615 2769 649 2834 P.
666 2768 833 2834 Dolabella
857 2767 980 2833 censuit
1002 2766 1389 2851 1111111111111111111.

177 2871 388 2954 gladiatorum
403 2893 462 2956 per
472 2892 582 2936 omnes
593 2891 695 2937 annos
710 2871 936 2936 celebrandum
951 2871 1087 2954 pecunia
1099 2889 1217 2952 eorum,

178 2975 233 3057 qui
256 2981 458 3057 quaesturam
481 2975 739 3059 adipiscerentur.
772 2974 857 3058 apud
879 2974 1015 3038 maiores
1036 2973 1162 3038 virtutis
1183 2973 1218 3037 id

177 3079 354 3162 praemium
387 3079 499 3163 fuerat,
534 3080 719 3162 cunctisque
754 3079 880 3161 civium,
915 3078 941 3142 si
970 3077 1064 3142 bonis
1096 3077 1218 3141 artibus

179 3181 322 3265 fiderent,
345 3182 466 3247 licitum
489 3190 599 3267 petere
622 3182 843 3265 magistratum
868 3201 906 3245 11
921 3201 962 3246 11
978 3189 1067 3246 aetas
1090 3180 1218 3263 quidem

177 3284 442 3368 distinguebatur,
471 3288 547 3369 quin
569 3286 673 3370 prima
695 3287 827 3350 iuventa
849 3286 1046 3350 consulatum
1070 3291 1102 3348 et
1124 3283 1219 3347 diota

178 3396 265 3452 turas
291 3389 416 3454 inirent.
456 3389 512 3454 sed
541 3389 882 3473 quaestores-regibus
910 3388 1006 3452 etiam
1034 3394 1101 3452 tum
1123 3388 1219 3470 impe-

178 3491 323 3557 rantibus
356 3492 491 3558 instituti
525 3499 612 3576 sunt,
651 3492 736 3575 quod
766 3493 819 3556 lex
853 3492 975 3556 curiata
1008 3490 1145 3556 ostendit
1177 3489 1218 3554 ab

178 3597 214 3660 L.
237 3596 336 3660 Bruto
366 3597 509 3680 repetita.
548 3597 727 3677 mansitque
761 3596 943 3660 oonsulibus
976 3600 1116 3678 potestas
1145 3593 1220 3657 deli-

178 3699 285 3783 gendi,
314 3700 416 3765 donec
443 3719 516 3765 eum
543 3720 668 3783 quoque
695 3700 849 3764 honorem
878 3699 1014 3782 populus
1044 3694 1218 3759 mandaret.

178 3803 338 3886 creatique
359 3804 657 3887 primumanlerius
680 3804 801 3869 Potitus
824 3808 856 3866 11
869 3800 1022 3866 Aemilius
1045 3799 1220 3862 Mamercus

179 3908 401 3988 sexagensimo
423 3908 516 3972 tertio
539 3927 623 3971 1111
645 3914 715 3990 post
730 3904 920 3988 Tarquinios
943 3909 1079 3982 exactos,
1103 3907 1219 3965 utrem
