2984 4275
474 211 654 269 a.u.e.srs.
678 213 834 281 peleos
1112 200 1173 265 139

136 394 226 469 stros,
250 407 314 451 non
337 406 378 452 ex
393 386 615 469 magnitudine
636 387 764 454 sceleris
786 395 962 473 provectus,
986 395 1021 453 ut
1035 389 1172 457 rebatur.

135 491 162 556 is
183 490 308 555 mulieri
330 490 404 556 olim
427 491 582 573 cognitus,
612 511 667 556 seu
690 511 800 557 recens
827 500 897 558 orta
918 493 1067 577 amicitia,
1098 493 1173 558 dum

137 595 250 660 merita
265 614 341 677 erga
355 595 515 660 Neronem
529 615 597 681 sua,
621 603 653 661 et
669 615 764 678 quam
784 597 818 660 in
833 597 961 662 inritum
978 597 1174 681 cecidissent,

136 700 237 784 aperit
267 697 426 781 adicitque
453 706 582 781 questus
612 706 644 764 et
674 699 918 765 destinationem
947 700 1117 785 vindictae,
1148 701 1174 766 si

29 854 31 871 ,
136 804 272 868 facultas
294 810 443 888 oreretur,
467 823 557 887 spem
576 803 664 869 dedit
687 824 779 888 posse
800 805 910 889 inpelli
929 812 961 870 et
976 806 1082 890 plures
1104 825 1175 870 con·

137 908 261 973 ciliare:
290 928 350 973 nec
371 909 443 973 leve
465 908 617 973 auxilium
638 910 672 974 in
695 911 806 992 classe,
834 909 961 976 crebras
984 911 1173 992 occasiones,

29 1032 30 1063 1
136 1014 210 1096 quia
236 1013 323 1078 Nero
351 1013 449 1078 multo
475 1013 561 1096 apud
588 1013 734 1079 Puteolos
762 1021 795 1079 et
820 1013 975 1079 Misenum
998 1015 1094 1079 maris
1116 1034 1176 1079 usu

29 1112 30 1115 '
135 1119 323 1183 laetabatur.
353 1137 429 1200 ergo
450 1116 617 1201 Epicharis
638 1118 745 1202 plura;
770 1125 802 1183 et
823 1119 932 1183 omnia
953 1120 1072 1185 scelera
1093 1119 1177 1204 prin·

29 1246 30 1315 j
136 1223 214 1307 cipis
237 1221 366 1305 orditur,
390 1241 493 1302 neque
515 1222 640 1287 senatui
661 1241 766 1305 neque
789 1224 904 1306 populo
919 1223 1092 1306 quidquam
1113 1244 1175 1288 ma-

29 1322 30 1327 ’
135 1347 220 1392 nere.
260 1326 317 1392 sed
343 1325 514 1410 provisum,
545 1346 685 1408 quonam
712 1326 805 1391 modo
832 1346 952 1411 poenas
979 1348 1109 1393 eversae
1131 1327 1177 1392 rei

29 1504 30 1515 p
135 1432 282 1517 publicae
299 1430 404 1496 daret:
427 1431 646 1513 accingeretur
667 1430 761 1496 modo
784 1451 903 1496 navare
918 1452 1047 1516 operam
1071 1438 1102 1496 et
1121 1432 1176 1495 mi·

135 1538 227 1602 litum
259 1535 426 1600 acerrimos
456 1534 571 1599 ducere
601 1536 634 1598 in
662 1542 777 1619 partes,
807 1555 846 1600 ac
873 1536 970 1619 digna
996 1537 1098 1620 pretia
1125 1556 1177 1601 ex·

136 1646 311 1726 spectaret3
346 1639 475 1704 nomina
507 1645 614 1704 tamen
648 1639 882 1704 coniuratorum
914 1640 1047 1705 reticuit.
1091 1640 1176 1705 unde

136 1744 262 1809 Proculi
282 1742 433 1808 indicium
455 1743 583 1809 inritum
599 1743 669 1829 init,
691 1743 837 1825 quamvis
851 1763 899 1826 ea,
924 1763 1006 1825 quae
1022 1744 1176 1823 audierat,

29 1890 31 1941 l
137 1850 179 1914 ad
200 1849 361 1913 Neronem
384 1848 556 1913 detulisset.
594 1849 697 1913 accita
719 1847 837 1933 quippe
858 1849 1022 1932 Epicharis
1052 1855 1177 1914 etcum

29 1962 31 2029 1
137 1952 243 2019 indice
266 1952 438 2036 composita
460 1952 554 2016 nullis
573 1952 706 2018 testibus
728 1952 868 2017 innisum
883 1951 976 2017 facile
992 1952 1176 2018 confutarit.

29 2044 30 2095 ³
137 2056 194 2123 sed
216 2056 336 2141 ipsein
352 2056 495 2121 custodia
515 2063 639 2121 retenta
655 2062 712 2141 cst,
735 2062 936 2142 suspectante
950 2056 1077 2122 Nerone
1091 2054 1178 2120 haud

29 2147 30 2218 ἶ
136 2164 219 2228 falsa
241 2181 320 2247 esse,
344 2161 440 2226 etiam
462 2181 544 2242 quae
566 2181 643 2226 vera
669 2182 733 2226 non
757 2162 979 2247 probabantur.

243 2266 295 2331 52.
318 2266 495 2332 Coniuratis
509 2273 619 2331 tamen
635 2273 722 2331 metu
743 2266 929 2351 proditionis
950 2265 1098 2350 permotis
1114 2265 1177 2349 pla·
1240 2270 1311 2325 uua

138 2372 238 2436 citum
259 2378 419 2436 maturare
442 2370 574 2436 caedem
590 2370 675 2455 apud
690 2371 786 2435 Baias
801 2371 834 2435 in
849 2369 927 2434 villa
941 2370 1074 2454 Pisonis,
1090 2369 1178 2435 cuius
1208 2340 1344 2469 '1:232‘ss

29 2511 30 2516 κ
138 2475 331 2541 amoenitate
359 2485 471 2560 ceptus
498 2475 614 2540 Caesar
643 2475 752 2540 crebro
773 2474 951 2540 ventitabat
982 2475 1178 2555 balneasque

139 2587 171 2645 et
194 2580 306 2664 epulas
327 2578 430 2644 inibat
451 2580 573 2645 omissis
595 2580 737 2645 excubiis
768 2585 799 2643 et
820 2579 966 2644 fortunae
988 2598 1064 2643 suae
1086 2578 1177 2642 mole.

138 2685 195 2750 sed
217 2684 330 2750 abnuit
351 2685 433 2766 Piso,
457 2684 611 2749 invidiam
634 2683 858 2769 praetendens,
887 2684 914 2747 si
937 2702 1027 2748 sacra
1050 2700 1178 2747 mensae

140 2788 235 2872 dique
265 2787 435 2872 hospitales
466 2786 564 2854 caede
591 2789 830 2871 qualiscumque
860 2787 1011 2872 principis
1037 2792 1179 2850 cruenta·

139 2899 261 2958 rentur:
286 2893 399 2959 melius
421 2893 507 2977 apud
529 2892 640 2958 urbem
654 2894 688 2957 in
703 2893 760 2958 illa
774 2892 878 2957 invisa
893 2899 925 2957 et
940 2890 1047 2976 spoliis
1063 2890 1179 2955 civium

140 3002 302 3062 exstructa
328 2997 421 3062 domo
443 2996 495 3062 vel
521 2997 555 3061 in
581 2996 708 3081 publico
734 3002 920 3081 patraturos,
948 2993 1032 3076 quod
1062 3013 1118 3077 pro
1146 3012 1180 3056 re

140 3102 269 3187 publica
291 3102 511 3185 suscepissent.
549 3100 629 3165 baec
650 3101 683 3165 111
706 3119 883 3182 commune,
907 3105 1045 3164 ceterum
1067 3098 1180 3162 timore

140 3207 273 3288 occulto,
308 3225 349 3270 nc
377 3205 413 3271 L.
445 3204 572 3270 Silanus
605 3205 721 3269 eximia
754 3203 919 3270 nobilitate
953 3203 1180 3286 disciplinaque

139 3309 173 3375 (1.
197 3309 307 3393 Cassii,
335 3309 421 3393 apud
444 3328 540 3392 quem
563 3308 715 3373 educatus
737 3315 815 3392 erat,
843 3307 887 3372 ad
908 3326 1036 3371 omnem
1058 3306 1180 3370 claritu-

141 3414 249 3480 dinem
264 3413 407 3478 sublatus
428 3414 597 3496 imperium
614 3411 789 3496 invaderet,
813 3418 957 3495 prompte
972 3409 1101 3492 daturis,
1127 3408 1181 3489 qui

141 3539 161 3583 a
183 3517 399 3584 coniuratione
425 3517 541 3600 integri
567 3522 674 3580 essent
696 3516 813 3597 quique
840 3515 1064 3579 miserarentur
1084 3512 1180 3576 Nero·

142 3643 216 3688 nem
246 3630 409 3702 tamquam
437 3639 493 3705 per
519 3621 621 3685 scelus
646 3618 857 3684 interfectum.
896 3617 1036 3701 plerique
1058 3615 1181 3680 Vestini

143 3747 268 3811 quoque
290 3726 426 3792 consulis
452 3745 527 3790 acre
548 3725 712 3808 ingenium
734 3723 885 3787 vitavisse
910 3720 1056 3786 Pisonem
1084 3718 1181 3784 credi-

142 3831 267 3913 derunt,
291 3850 331 3895 ne
346 3829 389 3894 ad
410 3830 591 3894 libertatem
605 3835 754 3909 oreretur,
778 3826 831 3891 vel
853 3825 976 3890 delecto
991 3824 1181 3909 imperatore

142 3936 204 4000 alio
232 3936 282 4001 sui
311 3934 450 3999 muneris
479 3953 546 3998 rem
573 3932 734 4017 publicam
762 3930 889 3996 faceret.
928 3930 1046 3995 etenim
1068 3946 1182 4011 expers
