2984 4275
513 193 537 231 a.
550 179 583 232 U.
596 193 620 231 c.
633 181 692 235 804.
716 196 743 247 p.
757 178 820 231 Chr.
833 181 874 234 51.
1169 163 1210 225 41

172 370 251 418 rum.
290 351 385 416 simul
407 351 569 417 inlocum
595 352 807 437 propinquum
833 353 939 438 trahit,
967 354 1128 437 provisum
1148 354 1213 419 illic

172 454 319 520 sacrificii
338 462 485 540 paratum
505 456 663 541 dictitans,
687 464 722 522 nt
736 457 786 522 dis
801 458 934 523 testibus
949 479 1013 542 pax
1028 457 1212 524 firmaretur.

172 579 241 623 mos
261 566 310 624 est
324 559 462 644 regibus,
487 560 632 643 quotiens
654 561 687 625 in
710 562 892 627 societatem
908 568 1029 645 coeant,
1051 563 1214 646 implicare

175 663 306 730 dextras
321 664 514 748 pollicesque
528 666 612 730 inter
624 685 659 730 se
670 666 790 731 vincire
805 667 952 750 nodoque
966 666 1213 750 praestringere:

173 787 250 831 mox
271 768 327 833 ubi
349 768 479 851 sanguis
500 770 533 833 in
553 775 639 834 artus
654 790 689 835 se
704 776 861 835 extremos
875 771 1049 852 suffuderit,
1072 770 1136 835 levi
1149 770 1216 834 ictu

176 891 318 938 cruorem
345 872 473 937 eliciunt
500 879 595 954 atque
621 874 758 939 invicem
783 874 938 940 lambunt.
975 874 1009 938 id
1036 874 1147 940 foedus
1170 895 1215 939 ar·

175 996 292 1040 canum
315 975 452 1041 habetur
474 978 565 1060 quasi
587 984 695 1042 mutuo
723 998 832 1043 cruore
854 985 1021 1043 sacratum.
1060 979 1118 1043 sed
1139 984 1216 1043 tunc

176 1079 233 1162 qui
271 1100 310 1144 ea
348 1080 454 1145 vincla
490 1080 694 1167 admovebat,
733 1082 888 1147 decidisse
924 1083 1076 1147 simulans
1112 1102 1217 1165 genua

175 1184 368 1249 Mithridatis
397 1184 520 1249 invadit
547 1186 714 1269 ipsumque
743 1186 927 1271 prostemit3
961 1186 1116 1270 simulque
1146 1205 1217 1251 eon-

177 1308 271 1353 cursu
303 1289 440 1372 plurium
472 1288 643 1354 iniciuntur
676 1296 819 1356 catenae.
863 1310 901 1354 ao
934 1289 1096 1374 compede,
1131 1289 1217 1372 quod

177 1392 369 1457 dedecorum
391 1392 544 1477 barbaris,
572 1394 772 1479 trahebatur,
802 1414 877 1459 mcx
901 1395 975 1478 quia
997 1395 1111 1476 vulgus
1139 1394 1217 1459 duro

176 1496 310 1580 imperio
331 1496 484 1580 habitum,
507 1498 624 1580 probra.
645 1518 684 1562 ac
702 1498 837 1563 verbera
860 1499 1048 1563 intentabat.
1073 1505 1105 1562 et
1128 1504 1218 1562 erant

176 1607 297 1682 eontra‘,
326 1601 381 1684 qui
406 1607 528 1666 tantam
555 1601 701 1667 fortunae
728 1603 1008 1668 commutationem
1035 1602 1219 1667 miseraren-

178 1711 241 1790 tur;
265 1712 435 1789 secutaque
459 1725 531 1770 cum
553 1707 660 1790 parvis
682 1706 790 1771 liberis
804 1707 943 1771 coniunx
966 1713 1081 1772 cuncta
1102 1706 1219 1771 lamen·

177 1809 299 1874 tatione
322 1809 508 1894 complebat.
540 1810 671 1876 diversis
694 1817 726 1876 et
749 1812 902 1876 contectis
923 1810 1078 1876 vehiculis
1099 1811 1220 1875 abdun-

177 1919 238 1998 tur,
270 1912 346 1977 dum
368 1914 593 1979 Pharasmanis
624 1914 709 1979 iussa
739 1915 990 1998 exquirerentur.
1028 1915 1076 1978 illi
1104 1914 1218 1999 cupido

178 2016 269 2099 regni
291 2015 388 2081 fratre
411 2024 443 2081 et
465 2016 530 2081 tilia
552 2018 655 2102 potior
670 2018 858 2102 animusque
881 2017 1051 2083 sceleribus
1073 2025 1218 2103 paratus,

177 2120 261 2186 risui
287 2125 396 2186 tamen
424 2121 588 2207 consuluit,
619 2143 660 2187 ne
689 2142 795 2187 ocram
821 2122 1021 2188 interficeret.
1060 2128 1092 2187 et
1118 2122 1220 2186 Rada-

179 2225 300 2309 mistus,
329 2225 420 2309 quasi
440 2225 518 2290 iuris
544 2226 669 2290 iurandi
691 2247 821 2311 mernor,
849 2247 914 2290 non
936 2226 1055 2291 ferrum
1081 2246 1146 2290 non
1168 2246 1220 2290 ve·

179 2349 299 2393 uenum
326 2328 360 2394 in
387 2349 525 2395 sororem
553 2338 585 2395 et
612 2337 759 2414 patruum
788 2330 954 2415 expromit,
982 2329 1038 2395 sed
1064 2329 1220 2414 proiectos

181 2432 217 2496 in
238 2432 370 2497 humum
397 2440 430 2498 et
452 2440 540 2499 veste
570 2435 671 2499 multa
698 2434 851 2517 gravique
877 2441 1002 2519 opertos
1024 2440 1126 2499 necat.
1164 2434 1221 2498 filii

180 2556 305 2620 quoque
331 2536 532 2621 Mithridatis,
562 2539 647 2621 quod
673 2539 824 2604 caedibus
853 2545 1019 2623 parentum
1045 2538 1220 2604 inlacrima-

178 2646 300 2722 verant,
323 2641 472 2705 trucidati
494 2648 575 2707 sunt.

283 2744 335 2810 48.
360 2746 403 2809 At
419 2744 600 2821 Quadratus
616 2766 809 2829 cognoscens
831 2744 1220 2831 proditumMithridaten
1265 2758 1371 2811 sabran

181 2854 213 2913 et
239 2868 371 2931 regnum
399 2850 439 2914 ab
466 2849 719 2914 interfectoribus
747 2850 892 2935 obtineri,
924 2857 1017 2914 vocat
1045 2849 1218 2932 consilium,
1248 2828 1386 2951 ,flffgffi

181 2951 273 3017 docet
288 2959 361 3016 acta
375 2960 417 3035 et,
426 2973 468 3016 an
484 2953 694 3037 ulcisceretur,
711 2955 875 3019 consultat.
885 2954 994 3038 paucis
1011 2954 1107 3018 decus
1121 2953 1221 3037 publi·
1269 2967 1364 3020 aonam,

180 3076 252 3120 cum
275 3076 379 3141 curae,
402 3057 509 3140 plures
530 3062 599 3121 tuta
621 3057 792 3122 disserunt:
816 3077 909 3121 omne
931 3058 1033 3122 scelus
1055 3063 1221 3122 externum

184 3179 255 3224 cum
278 3159 399 3224 laetitia
421 3159 619 3243 habendum3
644 3161 766 3226 semina
782 3162 877 3226 etiam
900 3161 1044 3226 odiorum
1065 3161 1221 3243 iacienda,

183 3269 218 3326 ut
233 3283 329 3349 saepe
343 3263 502 3348 principes
515 3264 650 3328 Romani
667 3263 803 3328 eandem
815 3264 998 3328 Armeniam
1010 3265 1116 3350 specie
1131 3264 1222 3346 largi-

182 3367 278 3432 tionis
293 3368 679 3449 turbandisbarbarorum
694 3368 808 3432 animis
823 3369 1041 3452 praebuerint:
1065 3375 1223 3452 poteretur

181 3471 385 3536 Radamistus
404 3472 487 3536 male
509 3472 616 3555 partis,
641 3471 717 3535 dum
732 3472 863 3556 inrisus,
887 3471 1024 3555 infamis,
1049 3470 1223 3554 quandoid

182 3574 285 3657 magis
307 3594 348 3638 ex
370 3594 437 3656 usu,
463 3594 557 3657 quam
580 3575 607 3639 si
622 3594 695 3638 eum
713 3575 814 3658 gloria
829 3575 963 3658 adeptus
977 3574 1068 3640 foret.
1091 3573 1125 3637 in
1139 3572 1223 3637 hane

183 3677 375 3742 sententiam
396 3678 485 3742 itum.
521 3698 562 3742 ne
585 3684 692 3742 tamen
716 3677 865 3743 adnuisse
888 3678 1019 3743 facinori
1041 3675 1225 3740 viderentur

184 3788 216 3847 et
238 3780 364 3846 diversa
378 3781 496 3847 Caesar
517 3781 651 3865 iuberet,
676 3782 762 3846 missi
784 3781 827 3845 ad
848 3782 1088 3846 Pharasmanen
1111 3779 1223 3863 nuntii,

181 3892 217 3950 ut
244 3886 429 3951 abscederet
456 3907 476 3949 a
503 3885 618 3951 finibus
641 3886 799 3951 Armeniis
826 3885 989 3968 filiumque
1015 3883 1224 3949 abstraheret.
