2984 4275
294 177 336 241 24
533 194 583 248 Ab
602 208 718 248 excessu
735 194 769 247 D.
782 194 909 264 Augusti
926 195 983 248 XII
1002 198 1095 251 9-14.

294 367 474 451 disparibus
490 368 596 433 verbis
619 387 657 432 ac
679 388 779 453 nuper
794 368 937 434 Vitellius
960 374 1083 453 censct;
1106 368 1333 452 despondetur·

294 492 356 553 que
383 469 525 555 Octauia,
555 493 594 536 ac
621 492 715 556 super
740 472 876 556 priorem
903 472 1169 538 necessitudinem
1200 493 1334 556 sponsus

293 575 357 639 iam
381 581 413 639 ct
427 596 525 659 gener
539 576 697 641 Domitius
718 576 851 659 aequari
873 576 1055 641 Britannico
1078 576 1191 641 studiis
1213 579 1332 659 matris,

293 684 359 743 arte
383 699 500 763 eorum,
525 680 595 763 quis
617 679 657 744 ob
681 686 863 744 accusatam
878 680 1081 745 Messalinam
1104 679 1183 745 ultio
1206 700 1245 744 ex
1268 680 1333 745 filio

293 783 471 849 timebatur.

171 902 224 947 stae
399 887 449 952 10.
473 888 535 951 Per
549 887 634 951 idem
655 895 781 972 tempus
795 888 893 971 legati
911 888 1100 952 Parthorum
1122 888 1165 952 ad
1183 895 1332 970 expeten-

119 972 276 1095 ,5{,‡2¹,'{{ss{„
294 990 378 1072 dum,
403 998 438 1056 ut
464 991 581 1075 rettuli,
605 990 813 1057 Meherdaten
836 993 924 1057 missi
947 1000 1092 1057 senatum
1114 993 1334 1076 ingrediuntur

118 1112 217 1163 rotarat
236 1112 274 1156 aaa
294 1094 509 1178 mandataque
530 1096 564 1159 in
586 1095 670 1160 hunc
697 1096 825 1161 modum
847 1097 1016 1181 incipiunt:
1047 1118 1112 1162 non
1138 1116 1173 1161 se
1195 1096 1334 1161 foederis

131 1179 266 1231 ΜΝ
292 1199 420 1281 ignaros
442 1219 502 1263 nec
526 1199 704 1265 defectione
727 1221 747 1263 a
769 1200 893 1265 familia
906 1200 1129 1265 Arsacidarum
1145 1200 1261 1282 venire,
1285 1209 1333 1265 set

291 1302 390 1366 filium
413 1302 561 1384 Vononis,
585 1310 733 1387 nepotem
756 1304 903 1369 Phraatis
921 1324 1084 1370 accersere
1106 1304 1258 1371 aduersus
1280 1305 1333 1369 do·

211 1462 213 1466 ,
292 1407 497 1471 minationem
519 1406 662 1472 Gotarzis
688 1408 845 1474 nobilitati
873 1409 1021 1491 plebique
1046 1409 1138 1473 iuxta
1164 1409 1332 1475 intoleran-

291 1510 374 1574 dam.
398 1511 462 1575 iam
484 1511 608 1596 fratres,
632 1512 697 1575 iam
720 1514 921 1596 propinquos,
944 1512 1008 1576 iam
1031 1514 1155 1595 longius
1170 1514 1247 1579 sitos
1264 1534 1332 1578 cae·

291 1614 384 1680 dibus
400 1614 584 1700 exhaustos,
608 1615 692 1680 adici
711 1617 863 1700 coniuges
885 1616 1044 1699 gravidas,
1069 1617 1185 1682 liberos
1206 1638 1331 1703 parvos,

263 1739 264 1742 ¹
290 1718 367 1782 dum
389 1739 495 1784 socors
511 1719 606 1803 domi,
630 1719 721 1784 bellis
735 1719 892 1787 infaustus
907 1721 1068 1803 ignauiam
1083 1722 1215 1786 saevitia
1230 1728 1329 1805 tegat.

290 1829 430 1887 veterem
453 1823 514 1887 sibi
536 1844 574 1887 ac
593 1823 720 1907 publice
736 1832 882 1907 coeptam
904 1825 1069 1890 nobiscum
1091 1825 1274 1910 amicitiam,
1299 1833 1332 1891 et

290 1926 542 1991 subveniendum
571 1927 664 1991 sociis
691 1928 805 1991 virium
837 1928 971 1993 aemulis
997 1929 1246 2013 cedentibusque
1274 1950 1332 2013 per

289 2030 509 2095 reverentiam.
537 2031 609 2095 ideo
633 2052 745 2114 regum
768 2032 884 2097 liberos
906 2032 1034 2097 obsides
1057 2033 1137 2116 dari,
1162 2042 1207 2117 ut,
1230 2034 1257 2098 si
1279 2033 1332 2097 do·

290 2135 411 2200 mestici
425 2135 550 2218 imperii
565 2135 702 2219 taedeat,
720 2136 761 2202 sit
778 2157 938 2220 regressus
956 2136 998 2201 ad
1014 2137 1190 2222 principem
1211 2146 1330 2221 patres-

290 2258 360 2324 que,
386 2260 518 2323 quorum
530 2240 670 2306 moribus
685 2241 888 2306 adsuefactus
900 2261 957 2306 rex
970 2242 1079 2306 melior
1094 2242 1329 2307 adscisceretur.

124 2358 197 2411 areret
210 2358 264 2403 utto
395 2345 445 2409 11.
474 2344 539 2409 Ubi
561 2343 641 2409 haec
664 2352 760 2429 atque
782 2336 1103 2431 talia'dissertavere,
1132 2347 1241 2431 incipit
1264 2366 1330 2410 ora-

138 2429 250 2482 ²¹¹¹¹²¹¹”‘¹'
288 2447 407 2512 tionem
429 2448 545 2513 Caesar
572 2449 613 2512 de
641 2449 768 2532 fastigio
795 2451 937 2515 Romano
965 2449 1215 2532 Parthorumque
1243 2451 1331 2516 obse·

247 2638 249 2641 ,
289 2553 379 2635 quiis,
410 2571 507 2635 seque
537 2552 611 2618 divo
638 2552 782 2636 Augusto
812 2554 1024 2636 adaequabat,
1056 2554 1189 2637 petitum
1218 2555 1260 2619 ab
1291 2574 1330 2618 eo

247 2710 249 2713 .
287 2676 395 2737 regem
422 2655 574 2740 referens,
602 2658 718 2722 omissa
744 2658 865 2722 Tiberii
892 2658 1052 2741 memoria,
1082 2679 1275 2742 quamquam
1302 2658 1330 2724 is

288 2779 412 2842 quoque
434 2760 572 2825 miserat.
599 2761 723 2825 addidit
745 2768 916 2845 praecepta
940 2763 1071 2847 (etenim
1086 2763 1196 2828 aderat
1210 2762 1329 2827 Meher-

286 2862 401 2948 dates),
430 2870 551 2928 utnon
575 2864 824 2930 dominationem
847 2873 880 2930 et
902 2886 1018 2950 servos,
1041 2867 1099 2931 sed
1121 2873 1273 2931 rectorem
1297 2873 1330 2931 et

286 2967 372 3030 cives
387 2967 549 3050 cogitaret,
574 2969 840 3052 clementiamque
855 2990 893 3033 ao
908 2971 1070 3051 iustitiam,
1087 2977 1204 3052 quanto
1220 2972 1330 3052 ignota

285 3070 439 3151 barbaris,
462 3078 550 3137 tanto
565 3072 696 3137 laetiora
712 3079 901 3158 capesseret.
927 3073 1002 3137 hinc
1017 3093 1128 3139 versus
1144 3073 1186 3137 ad
1206 3074 1329 3156 legatos

284 3173 408 3237 extollit
432 3174 580 3240 laudibus
604 3178 768 3241 alumnum
792 3177 888 3260 urbis,
913 3184 1074 3260 spectatae
1099 3176 1142 3240 ad
1163 3176 1198 3240 id
1223 3177 1330 3242 mode-

197 3290 199 3293 ’
285 3277 378 3342 stiae:
395 3298 433 3342 ao
449 3287 556 3343 tamen
573 3280 707 3345 ferenda
721 3301 832 3364 regum
847 3281 987 3363 ingenia,
999 3301 1103 3363 neque
1115 3281 1187 3346 usui
1202 3282 1329 3346 crebras

285 3383 485 3447 mutationes.
502 3403 569 3447 rem
581 3385 758 3449 Romanam
769 3385 831 3447 huc
842 3385 988 3448 satietate
998 3385 1119 3467 gloriae
1134 3390 1327 3469 provectam,

284 3492 319 3549 ut
335 3488 474 3551 externis
491 3508 615 3572 quoque
635 3488 783 3570 gentibus
799 3488 939 3571 quietem
953 3487 1041 3554 uelit.
1065 3487 1175 3552 datum
1194 3488 1328 3573 posthac

284 3589 319 3655 O.
336 3591 453 3676 Cassio,
487 3592 542 3674 qui
566 3592 676 3658 Suriae
698 3599 854 3676 praeerat,
876 3591 1032 3657 deducere
1055 3593 1202 3658 iuuenem
1225 3592 1328 3676 ripam

283 3695 327 3759 ad
349 3697 528 3779 Euphratis.

391 3801 441 3866 12.
480 3801 527 3863 Ea
562 3807 751 3885 tempestate
786 3800 914 3866 Cassius
950 3808 1070 3865 ceteros
1107 3800 1329 3885 praeminebat

236 3980 245 4005 Ι
353 3902 398 3966 tia
425 3904 546 3986 legum:
582 3925 657 3968 nam
684 3905 837 3969 militares
866 3911 951 3969 artes
979 3925 1035 3989 per
1062 3906 1160 3969 otium
1187 3907 1328 3990 ignotae,

116 1257 165 1302 aura
183 1248 274 1303 atrine
