2984 4275
467 189 646 245 ausen.
671 188 828 257 pensas.
1127 171 1165 233 77

128 366 172 430 illi
187 366 255 429 vim
278 362 499 446 multitudinis,
523 362 558 427 hi
580 363 823 445 magistratuum
847 370 879 426 et
902 363 995 445 primi
1018 362 1168 444 cuiusque

127 471 296 535 avaritiam
322 468 532 550 increpantes.
571 486 672 550 eaque
699 467 813 531 seditio
840 465 881 530 ad
910 486 989 531 saxa
1012 472 1044 530 et
1066 467 1169 530 minas

128 575 248 657 ignium
271 590 441 657 progressa
463 590 504 634 ne
526 571 657 635 caedem
681 577 713 634 et
733 591 826 634 arma
847 571 1024 656 proliceret,
1047 569 1080 633 C.
1097 570 1169 633 Cas-

128 679 192 743 sius
216 674 400 743 abhibendo
422 675 562 739 remedio
585 673 737 739 delectus.
776 676 851 758 quia
877 676 1079 739 severitatem
1102 674 1170 737 eius

127 802 190 846 non
220 781 410 861 tolerabant,
438 784 587 863 precante
614 780 684 862 ipso
710 777 754 841 ad
781 778 962 843 Scribonios
990 777 1104 841 fratres
1131 797 1171 841 ea

125 906 204 951 cura
226 884 426 965 transfertur,
451 883 527 947 data
549 882 677 947 cohorte
699 883 869 966 praetoria,
893 883 982 946 cuius
1004 889 1123 945 terrore
1139 887 1171 944 et

127 1009 301 1074 paucorum
325 986 479 1072 supplicio
502 986 595 1051 rediit
617 986 785 1070 oppidanis
808 985 983 1050 concordia.

232 1092 286 1156 49.
309 1092 382 1155 Non
397 1089 547 1155 referrem
561 1090 819 1173 vulgarissimum
835 1097 965 1154 senatus
981 1090 1169 1170 consultum,

128 1217 190 1279 quo
206 1195 329 1261 civitati
349 1194 620 1277 Syracusanorum
641 1195 750 1276 egredi
769 1214 936 1257 numerum
958 1193 1090 1257 edendis
1105 1194 1170 1276 gla-

127 1299 305 1364 diatoribus
338 1298 462 1362 finitum
496 1299 745 1381 permittebatur,
784 1299 845 1362 nisi
877 1298 994 1362 Paetus
1027 1299 1171 1362 Thrasea

124 1411 239 1468 contra
267 1403 399 1467 dixisset
426 1402 688 1485 praebuissetque
714 1402 879 1465 materiem
907 1402 1171 1467 obtrectatoribus

125 1506 313 1590 arguendae
335 1507 522 1570 sententiae.
557 1526 613 1569 cur
635 1506 729 1587 enim,
749 1488 782 1569 ,si
804 1525 871 1570 rem
894 1506 1055 1589 publicam
1078 1524 1172 1587 egere

128 1611 278 1676 libertate
293 1610 452 1673 senatoria
467 1608 618 1690 crederet,
634 1615 700 1673 tam
715 1609 802 1673 levia
816 1609 1071 1674 consectaretur?
1096 1609 1172 1690 quin

129 1714 170 1779 de
192 1713 279 1780 bello
302 1720 358 1777 aut
380 1732 469 1796 pace,
493 1711 534 1775 de
548 1712 759 1794 vectigalibus
782 1719 814 1775 et
836 1713 970 1795 legibus,
995 1714 1173 1795 quibusque

127 1819 201 1883 aliis
229 1838 282 1882 res
308 1817 452 1881 Romana
482 1816 704 1897 contineretur,
735 1815 884 1881 suaderet
910 1816 1172 1881 dissuaderetve?

127 1923 225 1987 licere
247 1922 401 2005 patribus,
426 1920 573 2002 quotiens
595 1920 644 1984 ius
661 1919 816 1984 dicendae
836 1921 1014 1985 sententiae
1037 1922 1173 2004 accepis-

129 2034 210 2108 sent,
236 2045 318 2109 quae
334 2025 453 2089 vellent
476 2044 662 2107 expromere
685 2025 935 2107 relationemque
958 2026 990 2088 in
1011 2044 1050 2088 ea
1070 2031 1173 2107 postu·

129 2131 206 2195 lare.
231 2151 273 2193 an
290 2130 392 2195 solum
408 2127 632 2194 emendatione
648 2128 791 2212 dignum,
815 2150 856 2193 ne
871 2128 1038 2213 Syracusis
1054 2134 1173 2212 specta-

127 2234 202 2298 cula
224 2234 345 2315 largius
368 2233 551 2298 ederentur:
582 2241 688 2297 cetera
708 2254 767 2317 per
789 2253 899 2297 omnes
922 2234 1046 2317 imperii
1067 2239 1175 2317 partes

130 2337 263 2422 perinde
286 2338 424 2419 egregia,
449 2357 544 2420 quam
561 2338 588 2401 si
603 2357 666 2401 non
681 2337 776 2418 Nero,
801 2336 858 2401 sed
873 2337 1015 2401 Thrasea
1031 2336 1173 2418 regimen

131 2462 241 2506 eorum
264 2442 409 2505 teneret?
438 2441 522 2524 quod
545 2441 573 2505 si
595 2461 719 2506 summa
742 2440 993 2505 dissimulatione
1017 2441 1174 2504 transmit-

128 2551 282 2626 terentur,
310 2550 430 2627 quanto
452 2544 556 2626 magis
577 2545 726 2609 inanibus
749 2545 994 2609 abstinendum?
1033 2544 1175 2609 Thrasea

129 2657 251 2732 contra,
286 2649 442 2713 rationem
471 2649 674 2731 poscentibus
704 2648 824 2729 amicis,
862 2669 925 2713 non
960 2650 1174 2733 praesentium

128 2753 279 2836 ignarum
306 2751 521 2836 respondebat
548 2752 616 2816 eius
642 2752 730 2816 modi
757 2753 902 2816 consulta
924 2752 1089 2836 corrigere,
1118 2752 1175 2817 sed

129 2865 259 2941 patrum
283 2855 395 2921 honori
418 2855 506 2941 dare,
530 2863 564 2920 ut
584 2855 789 2921 manifestum
812 2856 902 2921 fieret
921 2877 1110 2940 magnarum
1130 2878 1176 2922 re-

129 2982 201 3024 rum
225 2980 334 3024 curam
355 2980 419 3024 non
435 2959 698 3044 dissimulaturos,
722 2961 777 3043 qui
800 2960 941 3023 animum
964 2961 1060 3025 etiarn
1083 2960 1175 3025 levis-

131 3065 223 3129 simis
245 3063 456 3129 adverterent.

238 3167 290 3231 50.
325 3167 447 3231 Eodem
471 3187 554 3231 anno
577 3168 696 3232 crebris
718 3168 828 3250 populi
851 3166 1106 3252 flagitationibus,
1130 3170 1175 3233 in·

132 3270 322 3336 modestiam
350 3271 591 3355 publicanorum
621 3272 793 3353 arguentis,
824 3271 981 3337 dubitavit
1007 3272 1101 3355 Nero,
1132 3291 1174 3335 an

131 3382 247 3439 cuncta
270 3374 441 3457 vectigalia
467 3374 569 3439 omitti
590 3375 714 3439 iuberet
734 3374 832 3457 idque
853 3374 1100 3459 pulcherrimum
1123 3375 1175 3439 do-

134 3500 209 3542 num
233 3480 344 3561 generi
367 3479 547 3544 mortalium
562 3479 661 3544 daret.
684 3479 741 3544 sed
763 3480 918 3563 impetum
939 3478 1015 3562 eius,
1039 3479 1174 3542 multum

133 3582 220 3666 prius
250 3581 382 3647 laudata
411 3583 632 3665 magnitudine
665 3583 778 3665 animi,
812 3584 969 3646 attinuere
1002 3589 1174 3665 senatores,

133 3686 374 3752 dissolutionem
398 3687 523 3771 imperii
545 3686 697 3770 docendo,
722 3688 750 3751 si
771 3686 901 3767 fructus,
926 3685 1040 3780 quibus
1055 3704 1105 3749 res
1120 3705 1175 3768 pu-

135 3788 218 3853 blica
248 3792 465 3873 sustineretur,
496 3791 769 3855 deminuerentur:
801 3791 918 3873 quippe
947 3789 1080 3853 sublatis
1106 3809 1175 3872 por-

133 3893 222 3958 toriis
260 3914 411 3978 sequens,
450 3902 485 3959 ut
521 3896 709 3960 tributorum
747 3894 876 3960 abolitio
914 3892 1174 3976 expostularetur.

1209 1103 1323 1157 astarten

1206 1173 1243 1218 bct
1256 1172 1329 1226 bitus

1232 1250 1305 1295 mesta

1197 1315 1234 1359 ttt
1246 1315 1337 1367 scuta·

1233 1384 1299 1437 tatur

1195 1453 1220 1498 ta
1233 1455 1338 1506 aarum.

1251 3178 1294 3223 ab

1203 3247 1341 3299 attactam

1218 3319 1254 3363 tet
1267 3315 1327 3369 atus

1206 3389 1287 3438 esuriit
1301 3388 1336 3440 tls

1254 3459 1290 3503 ott

1198 3525 1351 3580 montaldus·

1251 3596 1299 3650 tet,
