2984 4275
292 173 354 237 166
515 189 565 244 Ab
584 204 700 244 excessu
719 189 752 244 D.
766 189 891 259 Augusti
909 189 979 244 XVI
998 192 1110 245 31-35.

290 365 376 431 niam
399 364 554 429 faciendis
577 364 709 447 magicis
731 364 828 429 sacris
843 364 1052 449 contraheret,
1077 364 1214 448 primum
1234 371 1333 430 strata

289 470 379 535 humi
409 470 567 552 longoque
597 468 672 533 fletu
706 476 738 534 et
768 468 902 550 silentio,
936 476 1007 552 post
1038 468 1151 533 altaria
1182 475 1214 533 et
1243 490 1333 534 aram

291 574 458 658 complexa
480 567 606 638 ‘nullos’
627 573 730 656 inquit
752 566 876 657 ‘impios
899 573 984 657 deos,
1008 574 1112 639 nullas
1135 574 1332 657 devotiones,

290 699 349 744 nec
375 677 463 744 aliud
492 678 673 743 infelicibus
702 677 848 761 precibus
874 678 1030 763 invocavi,
1062 699 1159 762 quam
1186 684 1221 742 ut
1248 677 1334 742 hunc

291 790 345 868 opt
347 783 445 847 imum
472 788 667 867 patremtu,
623 782 826 863 tanesar,
853 802 920 864 vos,
937 789 1066 950 epatres,
1097 782 1267 848 servaretis
1289 776 1333 846 in-

290 990 375 1074 dedi,
399 1011 461 1073 quo
476 990 610 1055 modo
585 1010 613 1055 s1
628 892 818 1073 sanguintem
835 996 867 1055 et
882 892 982 1056 Vitassm
998 934 1223 1075 poposcissent.
1249 992 1334 1056 vide-

289 1097 353 1161 rint
371 1096 433 1179 isti,
456 1095 594 1160 antehac
609 1095 687 1159 mihi
701 1095 810 1178 ignoti,
835 1115 897 1177 quo
914 1096 1041 1161 nomine
1057 1097 1129 1178 sint,
1153 1116 1233 1178 quas
1249 1103 1334 1162 artes

291 1206 478 1266 exerceant:
501 1201 589 1264 nulla
612 1200 690 1264 mihi
712 1200 861 1284 principis
883 1200 1001 1264 mentio
1021 1200 1082 1265 nisi
1103 1201 1187 1265 inter
1201 1203 1336 1266 numina

291 1305 359 1371 fuit.
397 1304 497 1368 nescit
524 1310 633 1368 tamen
660 1303 853 1369 miserrimus
883 1311 975 1388 pater
1001 1310 1042 1387 et,
1074 1305 1101 1369 si
1127 1305 1248 1370 crimen
1276 1311 1334 1387 est,

290 1411 358 1476 sola
380 1404 520 1491 deliqui?

145 1527 248 1571 cornuue
397 1512 448 1577 32.
486 1513 658 1594 Loquentis
688 1512 793 1578 adhuc
823 1514 922 1578 verba
952 1513 1068 1597 excipit
1097 1513 1237 1580 Soranus
1267 1535 1335 1599 pro·

142 1596 255 1648 mmmm
294 1619 473 1698 clamatque
503 1638 567 1681 non
597 1617 685 1681 illam
713 1618 747 1681 iu
778 1618 973 1700 provinciam
1006 1638 1115 1683 secum
1148 1618 1335 1702 profectam,

293 1742 357 1786 non
383 1722 494 1786 Plauto
520 1741 578 1805 per
599 1728 739 1786 aetatem
767 1722 852 1787 nosci
879 1722 1028 1807 potuisse,
1058 1743 1122 1787 non
1149 1723 1336 1789 criminibus

293 1826 398 1891 mariti
420 1847 591 1892 conexam:
615 1826 732 1891 nimiae
747 1832 873 1891 tantum
895 1826 1021 1910 pietatis
1036 1847 1123 1892 ream
1139 1836 1333 1911 separarent,

293 1938 389 2012 atque
419 1931 487 2014 ipse
517 1950 751 2012 quamcumque
781 1938 897 1995 sortem
927 1932 1056 1997 subiret.
1094 1932 1188 1996 simul
1214 1933 1249 1996 in
1271 1953 1335 1997 am·

292 2036 404 2120 plenus
434 2036 624 2101 occurrentis
654 2035 740 2100 filiae
770 2035 892 2115 ruebat,
927 2036 987 2100 nisi
1019 2036 1178 2102 interiecti
1210 2036 1336 2102 lictores

291 2141 430 2223 utrisque
453 2141 655 2206 obstitissent.
679 2161 755 2206 mox
778 2141 871 2205 datus
893 2141 1027 2206 testibus
1048 2142 1151 2225 locus;
1183 2148 1216 2205 et
1238 2161 1335 2223 quan-

292 2252 359 2311 tum
372 2246 605 2311 misericordiae
617 2246 752 2310 saevitia
763 2245 972 2310 accusationis
986 2251 1196 2330 permoverat,
1208 2252 1334 2310 tantum

291 2351 356 2416 irae
372 2352 406 2416 P.
423 2350 577 2432 Egnatius
599 2351 687 2417 testis
702 2350 848 2415 concivit.
872 2351 970 2415 cliens
992 2351 1043 2415 hio
1066 2350 1187 2433 Sorani,
1211 2357 1243 2415 et
1259 2357 1336 2415 tunc

214 2521 216 2524 ,
292 2462 418 2540 emptus
445 2454 486 2519 ad
513 2454 754 2538 opprimendum
782 2455 929 2538 amioum,
962 2454 1182 2519 auctoritatem
1208 2453 1334 2520 Stoicae

292 2566 396 2625 sectae
419 2559 629 2642 praeferebat,
661 2558 774 2624 habitu
797 2567 829 2624 et
852 2580 905 2624 ore
928 2559 970 2623 ad
994 2558 1235 2642 exprimendam
1258 2559 1334 2623 ima-

291 2664 398 2747 ginem
421 2664 545 2728 honesti
568 2664 734 2748 exercitus,
759 2670 899 2729 ceterum
915 2665 1020 2729 animo
1043 2663 1239 2747 perfidiosus,
1263 2663 1334 2727 sub-

292 2768 391 2852 doluS,
414 2768 583 2833 avaritiam
605 2789 643 2833 ao
666 2769 831 2834 libidinem
854 2769 1033 2853 occultans,
1058 2788 1140 2850 quae
1163 2774 1334 2851 postquam

292 2871 426 2957 pecunia
449 2873 572 2936 reclusa
594 2877 676 2956 sunt,
705 2872 794 2937 dedit
818 2873 999 2955 exemplum
1022 2870 1243 2955 praecavendi,
1272 2891 1335 2952 quo

292 2975 385 3041 modo
408 2975 572 3041 fraudibus
593 2976 752 3041 involutos
782 2983 837 3040 aut
859 2975 989 3058 flagitiis
1011 2976 1266 3059 commaculatos,
1290 2975 1335 3040 sic

292 3080 397 3165 specie
419 3081 574 3145 bonarum
596 3080 712 3145 antium
736 3080 831 3146 falsos
854 3086 886 3145 et
908 3079 1066 3144 amicitiae
1088 3078 1228 3144 fallaces,

125 3216 174 3261 aar
187 3212 266 3259 utteu
398 3184 449 3248 33.
479 3184 570 3249 idem
592 3190 699 3248 tamm
722 3184 791 3249 dies
813 3190 844 3248 et
867 3185 980 3248 honest
968 3189 1035 3248 tum
1058 3183 1241 3266 exemplum
1264 3182 1336 3247 tulit

119 3286 200 3401 „⁰4³⁰”
202 3295 262 3339 Μ
293 3288 392 3353 Cassii
420 3288 643 3373 Asclepiodoti,
624 3289 732 3371 iqui
766 3288 984 3371 magnitudine
1018 3307 1113 3371 opum
1146 3287 1336 3371 praecipuus

134 3365 156 3400 a
181 3353 302 3408 'mm'
293 3393 339 3458 int
341 3413 375 3458 er
389 3394 452 3477 Byt
454 3394 567 3478 hyuos,
592 3413 653 3476 quo
670 3392 822 3475 obsequio
837 3392 950 3458 florent
937 3400 1003 3457 tem
1018 3391 1174 3457 Soranum
1197 3391 1335 3457 celebra-

292 3504 391 3581 verat,
370 3499 525 3563 ttlaban
513 3504 578 3562 tom
596 3518 660 3562 non
676 3497 825 3579 deseruit,
848 3504 1025 3579 exutusque
1040 3496 1186 3561 omnibus
1201 3495 1335 3561 fortunis

294 3609 326 3668 et
347 3602 381 3666 in
404 3602 533 3667 exilium
556 3610 654 3687 actus,
678 3602 840 3685 aequitate
863 3602 959 3666 deum
983 3621 1059 3683 erga
1080 3601 1165 3666 bona
1186 3602 1335 3682 malaque

293 3706 490 3772 documenta.
514 3706 677 3771 Thraseae
692 3706 875 3787 Soranoque
891 3712 923 3769 et
938 3705 1092 3770 Serviliae
1115 3705 1208 3769 datur
1227 3703 1335 3769 mortis

293 3810 467 3876 arbitrium.
491 3810 658 3875 Helvidius
674 3816 706 3875 et
720 3810 877 3875 Paconius
896 3809 991 3873 Italia
1013 3809 1227 3893 depelluntur.
1249 3808 1334 3872 Mon·

293 3922 386 3979 tantu
415 3914 497 3997 patri
527 3934 694 3980 concessus
725 3921 782 3995 est,
816 3914 977 3999 praedicto
1011 3933 1052 3978 ne
1082 3913 1116 3976 in
1145 3933 1179 3978 re
1208 3912 1335 3996 publica

129 1874 266 1927 carnanter.
