2984 4275
489 217 514 254 a.
527 202 560 257 U.
574 218 596 256 e.
610 205 669 258 808.
693 218 719 270 p.
733 201 796 255 Chr.
811 206 852 257 55.
1148 186 1189 292 bd

58 389 88 420 Ν
145 394 274 439 suarum
305 393 410 458 opum,
443 394 525 456 quae
554 375 641 440 haud
671 376 779 460 procul
809 375 1017 460 imperatoriis
1047 378 1194 460 aberant,

145 479 255 562 eopias
276 478 433 562 tradebat,
466 486 500 543 ut
523 479 622 544 nimia
643 500 745 564 nuper
767 479 942 545 eodreendo
964 480 1038 563 filio,
1061 480 1106 544 ita
1127 501 1191 544 rur·

143 602 216 647 sum
231 583 480 666 intemperanter
494 583 641 648 demissa.
666 603 747 664 quae
763 583 896 648 mutatio
911 603 1014 665 neque
1028 585 1190 649 Neronem

142 686 271 771 fefellit,
300 693 333 751 et
354 687 492 771 proximi
514 687 686 752 amisorum
713 687 900 753 metuebant
922 689 1118 788 orabantque
1141 708 1190 752 ea-

142 811 220 856 vere
242 790 375 855 insidias
397 791 537 856 mulieris
557 811 682 876 semper
696 792 821 874 atroeis,
845 796 959 857 tumet
975 791 1085 857 falsae.
1109 791 1189 857 forte

140 896 207 961 illis
230 894 342 960 diebus
368 895 485 960 Caesar
506 896 650 981 inspecto
677 904 801 978 ornatu,
829 917 891 978 quo
918 896 1095 980 principum
1118 916 1189 960 eon·

141 1000 236 1082 iuges
258 1019 296 1063 ae
318 1006 467 1084 parentes
489 1000 680 1085 effulserant,
715 1000 826 1084 deligit
848 1008 969 1065 vestem
992 1007 1023 1066 et
1046 1020 1189 1084 gemmas

140 1102 292 1185 misitque
314 1103 433 1169 donum
456 1105 549 1169 matri
576 1106 666 1170 nulla
688 1105 890 1190 parsimonia,
919 1125 991 1170 oum
1018 1105 1189 1189 praecipua

141 1214 179 1273 et
207 1207 314 1292 cupita
343 1207 415 1272 aliis
445 1209 529 1293 prior
560 1207 707 1274 deferret.
754 1209 810 1274 sed
836 1209 1015 1294 Agrippina
1044 1229 1107 1273 non
1138 1208 1188 1273 his

140 1312 257 1376 instrui
279 1312 383 1377 cultus
406 1332 488 1395 suos,
517 1312 572 1377 sed
598 1313 710 1379 eeteris
732 1313 834 1377 areeri
860 1314 1035 1398 proelamat
1050 1320 1089 1378 'et
1110 1312 1189 1377 divi·

141 1415 220 1480 dere
241 1415 349 1500 filiurn,
374 1436 456 1497 quae
480 1424 594 1481 eunota
616 1437 656 1482 ex
678 1418 751 1500 ipsa
773 1416 914 1482 haberet.

249 1520 298 1583 14.
322 1521 392 1585 Nee
414 1521 545 1585 defuere
570 1521 623 1602 qui
645 1521 679 1584 in
702 1521 841 1586 deterius
863 1520 1026 1586 referrent.
1051 1527 1083 1585 et
1101 1522 1187 1586 Nero
1209 1534 1286 1586 sanas
1301 1536 1355 1581 abt

139 1622 286 1689 infensus
312 1624 359 1708 iis,
388 1625 503 1706 quibus
530 1625 679 1710 superbia
709 1625 872 1690 muliebris
899 1625 1103 1708 innitebatur,
1136 1626 1187 1691 de·
1218 1607 1351 1729 &mn
1476 1616 1489 1644 ⁶

141 1734 250 1792 moret
273 1728 452 1792 Pallantem
477 1747 557 1793 eura
579 1749 693 1812 rerum,
722 1728 793 1810 quis
821 1749 840 1791 a
863 1728 995 1793 Claudio
1021 1730 1187 1815 impositus
1266 1746 1303 1789 aa

140 1831 230 1895 velut
257 1832 422 1897 arbitrium
449 1832 540 1914 regni
566 1834 698 1916 agebat,
727 1831 951 1914 ferebaturque
979 1833 1186 1916 degrediente
1217 1814 1347 1868 'mm

140 1954 179 1998 eo
194 1955 312 2017 magna
326 1935 582 2019 prosequentium
607 1935 808 2000 multitudine
824 1956 888 2000 non
903 1937 1041 2001 absurde
1057 1936 1184 2022 dixisse,

142 2038 187 2103 ire
202 2040 389 2124 Pallantem,
406 2047 441 2104 ut
456 2039 601 2106 eiuraret.
625 2060 705 2105 sane
720 2040 886 2125 pepigerat
900 2041 1016 2123 Pallas,
1040 2060 1081 2105 ne
1097 2042 1185 2106 euius

140 2142 219 2208 faeti
240 2144 275 2208 in
295 2145 498 2228 praeteritum
520 2146 768 2228 interrogaretur
790 2165 945 2229 paresque
961 2145 1098 2210 rationes
1113 2166 1185 2210 eum

145 2267 178 2311 re
200 2248 329 2332 publiea
351 2248 493 2314 haberet.
516 2268 669 2334 praeeeps
691 2248 824 2333 posthae
839 2249 1014 2334 Agrippina
1037 2268 1127 2313 ruere
1142 2250 1184 2314 ad

142 2358 293 2416 terrorem
327 2359 358 2417 et
388 2353 501 2437 minas,
537 2373 640 2435 neque
674 2353 825 2438 principis
855 2352 984 2418 auribus
1013 2352 1181 2438 abstinere,

140 2476 201 2537 quo
235 2456 340 2521 minus
373 2463 541 2522 testaretur
574 2457 719 2522 adultum
752 2457 817 2521 iam
851 2477 921 2522 esse
955 2456 1182 2539 Britannicum,

139 2580 246 2625 veram
279 2560 476 2644 'dignamque
511 2562 639 2645 stirpem
660 2561 876 2645 ,suscipiendo
910 2561 1009 2646 patris
1042 2561 1182 2645 imperio,

138 2664 222 2745 quod
249 2663 362 2729 insitus
390 2671 422 2728 et
450 2664 619 2749 adoptivus
647 2686 705 2748 per
726 2665 858 2729 iniurias
881 2666 990 2729 matris
1012 2670 1182 2729 exerceret.

136 2788 200 2833 non
223 2768 365 2833 abnuere
388 2788 431 2852 se,
459 2768 536 2849 quin
559 2774 673 2833 eunota
695 2768 832 2833 infelieis
854 2768 967 2833 domus
988 2769 1074 2833 mala
1097 2776 1182 2852 pate·

136 2871 260 2954 fierent,
295 2891 372 2936 suae
402 2872 435 2936 in
470 2872 580 2956 primis
613 2872 755 2957 nuptiae,
790 2892 883 2936 suum
911 2871 1116 2938 veneficium:
1150 2872 1183 2937 id

136 2976 238 3041 solum
254 2974 304 3040 dis
320 2982 353 3039 et
367 2976 425 3039 sibi
442 2976 612 3061 provisum,
634 2976 720 3058 quod
734 2976 857 3041 viveret
871 2976 1043 3059 privignus.
1067 2977 1181 3040 ituram

135 3099 208 3143 eum
230 3079 285 3143 illo
308 3079 341 3142 in
364 3086 482 3165 eastra,
509 3080 672 3167 audiretur
694 3080 769 3144 hine
796 3079 977 3144 Germanici
1003 3079 1077 3162 filia,
1106 3079 1181 3144 inde

133 3183 250 3248 debilis
266 3203 373 3248 rursus
388 3183 508 3248 Burrus
523 3191 555 3249 et
571 3185 646 3249 exul
667 3185 799 3267 Seneca,
823 3191 935 3248 trunea
950 3184 1069 3249 seilicet
1085 3204 1182 3248 manu

134 3293 167 3351 et
189 3286 381 3371 professoria
403 3288 513 3370 lingua
532 3289 658 3372 generis
674 3289 807 3353 humani
822 3290 964 3371 regimen
981 3290 1180 3373 expostulan-

132 3396 190 3456 tes.
215 3391 310 3456 simul
326 3391 491 3457 intendere
507 3412 628 3476 manus,
651 3393 803 3475 adgerere
819 3394 942 3476 probra,
959 3399 1179 3457 oonseeratum

131 3494 311 3576 Claudium,
339 3495 481 3560 infernos
504 3495 681 3561 Silanorum
705 3516 816 3561 manes
838 3498 987 3560 invoeare
1011 3503 1043 3560 et
1065 3502 1112 3560 tot
1134 3496 1178 3559 in·

133 3598 196 3663 rita
218 3598 369 3664 facinora.

239 3702 289 3769 15.
312 3703 472 3768 Turbatus
494 3704 544 3769 his
559 3704 644 3768 Nero
668 3711 700 3769 et
722 3703 901 3789 propinque
924 3704 985 3786 die,
1009 3722 1071 3785 quo
1087 3723 1177 3784 quar·
1212 3697 1337 3819 mma

131 3814 198 3871 tum
222 3806 380 3873 decimum
404 3809 519 3872 aetatis
541 3827 660 3872 annum
684 3809 885 3873 Britannieus
908 3809 1066 3891 explebat,
1090 3808 1175 3871 volu·
1251 3836 1298 3880 sm

99 3996 102 3999 Ι
130 3918 198 3977 tare
214 3931 321 3978 seeum
338 3910 431 3976 modo
446 3911 556 3976 matris
572 3911 765 3994 violentiam,
790 3912 882 3976 modo
905 3911 1002 3996 ipsius
1024 3910 1172 3995 indolem,
1199 3904 1344 4027 ‘xxm‘
