2984 4275
498 204 522 241 a.
536 187 569 243 U.
583 203 606 241 o.
619 191 677 244 802.
704 204 731 255 p.
745 186 808 240 Chr.
820 190 863 241 49.
1161 168 1203 230 23

97 376 100 382 ·
161 363 330 445 conducat,
365 369 397 425 et
426 361 492 426 fore
522 361 581 426 hoc
610 381 736 444 quoque
769 361 802 425 in
832 360 871 424 iis
901 379 984 443 quae
1014 379 1088 423 rnox
1118 379 1203 424 usur·

162 472 288 550 pentur.
1098 475 1102 484 “

269 571 297 633 l.
321 569 416 634 Haud
440 568 570 634 defuere
594 568 648 651 qui
671 568 825 650 certatim,
849 568 876 632 si
901 574 1103 632 cunctaretur
1127 566 1202 632 an-
1228 582 1256 634 oe
1269 578 1374 634 turrate

161 694 223 759 sar,
247 675 280 739 ri
300 680 424 739 acturos
439 673 644 739 testificantes
660 679 862 756 erumperent
878 671 972 736 ouria
998 671 1203 754 conglobatur
1229 728 1255 772 ῃ
1266 650 1367 763 ἒὲξζω,

161 777 319 861 promisca
346 776 513 841 multitudo
534 777 749 860 populumque
771 776 950 839 Romanum
978 775 1090 839 eadem
1114 795 1202 840 orare
1234 789 1370 842 somnino

162 881 313 946 clamitat.
337 901 396 945 neo
410 880 561 946 Claudius
576 881 659 944 ultra
675 886 858 963 exspectato
874 878 985 944 obvius
999 879 1086 962 apud
1101 878 1203 943 forum
1239 858 1364 912 immi*

163 986 294 1070 praebet
320 1005 354 1049 se
381 984 589 1067 gratantibuS,
617 991 824 1066 senatumque
851 984 1011 1065 ingressus
1042 982 1203 1048 decretum

163 1091 309 1174 postulat,
334 1110 396 1173 quo
411 1090 513 1154 iustae
527 1090 610 1153 inter
624 1094 752 1173 patruos
768 1088 962 1169 fratrumque
977 1087 1058 1152 filias
1073 1088 1203 1171 nuptiae

162 1194 258 1259 etiam
281 1193 315 1258 in
337 1201 499 1277 posterum
521 1200 743 1258 statuerentur.
775 1212 836 1257 nec
859 1198 967 1257 tamen
989 1199 1133 1276 repertus
1157 1199 1205 1257 est

162 1299 222 1363 nisi
244 1318 326 1362 unus
341 1298 414 1362 talis
429 1297 623 1363 matrimonii
639 1298 771 1380 cupitor,
795 1297 940 1361 Alledius
956 1296 1092 1361 Severus
1107 1317 1204 1381 eques

161 1403 332 1486 Romanus,
357 1421 450 1483 quem
473 1402 617 1485 plerique
631 1401 829 1485 Agrippinae
853 1401 956 1483 gratia
977 1401 1137 1485 inpulsum
1162 1400 1204 1465 fe-

162 1506 285 1571 rebant.
324 1525 417 1570 versa
439 1525 479 1570 ex
503 1526 540 1570 eo
564 1505 677 1570 civitas
701 1512 733 1569 et
756 1511 870 1569 cuncta
897 1504 1036 1569 feminae
1058 1505 1204 1570 oboedie-

161 1611 250 1694 bant,
282 1630 345 1675 non
372 1630 429 1694 per
454 1610 627 1694 lasciviam,
659 1616 694 1673 ut
720 1610 899 1692 Messalina,
931 1609 1031 1694 rebus
1053 1609 1204 1673 Romanis

160 1713 327 1779 inludenti.
366 1714 539 1778 adductum
573 1720 605 1777 et
639 1713 730 1797 quasi
760 1713 850 1778 virile
885 1712 1062 1779 servitium:
1096 1714 1203 1796 palam

160 1819 315 1883 severitas
347 1838 385 1882 ac
417 1818 544 1901 saepius
576 1818 741 1902 superbia3
773 1817 854 1881 nihil
888 1817 975 1882 domi
1009 1817 1202 1900 inpudicum,

160 1923 221 1987 nisi
236 1921 447 1987 dominationi
465 1923 638 2006 expediret.
662 1921 777 2005 cupido
793 1921 863 1985 auri
877 1922 1024 1987 inmensa
1039 1921 1203 1986 obtentum

159 2026 311 2111 babebat,
337 2026 428 2110 quasi
450 2026 625 2092 subsidium
648 2047 747 2109 regno
770 2032 942 2110 pararetur.

265 2128 294 2196 8.
330 2130 390 2195 Die
419 2131 600 2214 nuptiarum
631 2129 758 2195 Silanus
787 2135 920 2195 mortem
951 2129 1010 2197 sibi
1042 2128 1202 2213 conscivit,
1251 2140 1348 2185 cocao

160 2235 228 2301 siue
256 2255 421 2318 eousque
450 2255 538 2319 spem
565 2235 650 2300 vitae
683 2234 887 2318 produxerat,
918 2253 974 2298 seu
1001 2233 1123 2298 delecto
1150 2233 1203 2297 die
1228 2208 1371 2323 {mig

160 2338 343 2421 augendam
366 2338 408 2402 ad
430 2338 593 2403 invidiam.
633 2338 766 2404 Calvina
792 2357 879 2402 soror
901 2336 970 2401 eius
991 2337 1085 2401 Italia
1111 2338 1203 2420 prdsa
1222 2350 1319 2427 11111111
1329 2349 1378 2401 cru

160 2449 218 2507 est.
243 2441 367 2506 addidit
382 2442 532 2507 Claudius
555 2462 646 2507 sacra
662 2462 703 2506 ex
718 2441 843 2523 legibus
858 2440 943 2505 Tulli
965 2441 1049 2523 regis
1067 2440 1202 2524 piacula·
1220 2418 1379 2471 mmm

161 2567 223 2629 que
242 2545 328 2628 apud
343 2547 449 2610 lucum
464 2546 587 2610 Dianae
603 2566 659 2630 per
674 2545 839 2630 pontifices
854 2544 971 2630 danda,
993 2544 1203 2609 inridentibus
1233 2489 1370 2610 romulidum

160 2649 292 2732 canutio,
317 2649 402 2732 qnod
425 2670 547 2733 poenae
566 2650 864 2732 procurationesque
879 2649 992 2714 incesti
1006 2649 1039 2712 id
1054 2649 1203 2732 temporis
1221 2617 1378 2749 mhffflff

160 2754 410 2838 exquirerentur.
434 2760 468 2818 at
483 2754 669 2838 Agrippina,
693 2774 734 2818 ne
750 2754 842 2818 malis
862 2760 986 2818 tantum
1008 2752 1202 2817 facinoribus

158 2864 345 2941 notesceret,
369 2858 496 2922 veniam
519 2857 607 2922 exilii
629 2878 685 2942 pro
700 2857 834 2922 Annaeo
852 2856 984 2938 Seneca,
1008 2857 1101 2921 simul
1114 2877 1204 2941 prae·

143 2969 262 3026 turam
286 2961 447 3045 impetrat,
472 2964 591 3026 laetum
613 2963 647 3026 in
662 2961 825 3046 publicum
840 2968 911 3025 rata
926 2961 966 3026 ob
983 2960 1204 3025 claritudinem

160 3066 335 3131 studiorum
351 3066 428 3149 eius,
452 3073 549 3149 utque
566 3066 697 3131 Domitii
719 3065 856 3149 pueritia
878 3065 935 3129 tali
957 3064 1108 3148 magistro
1130 3064 1204 3128 ado-

161 3170 295 3234 lesceret
317 3176 349 3233 et
362 3164 508 3234 'consiliis
523 3169 663 3234 eiusdem
678 3169 720 3233 ad
736 3189 826 3253 spem
840 3168 1066 3233 dominationis
1082 3175 1204 3255 uteren-

160 3279 220 3356 tur,
252 3273 326 3355 quia
349 3273 470 3338 Seneca
492 3272 573 3338 fidus
595 3273 628 3336 in
650 3272 861 3356 Agrippinam
884 3273 1036 3337 memoria
1058 3271 1204 3337 beneficii

162 3383 193 3440 et
214 3376 359 3441 infensus
381 3376 513 3441 Claudio
536 3375 643 3440 dolore
665 3375 801 3441 iniuriae
823 3375 1019 3441 credebatur.

266 3479 296 3545 9.
328 3480 483 3545 Placitum
510 3479 625 3544 dehine
651 3501 715 3545 non
742 3481 825 3545 ultra
856 3479 1008 3561 cunctari,
1039 3479 1096 3543 sed
1123 3477 1203 3542 desi·
1240 3491 1365 3541 saturano

161 3591 294 3666 gnatum
317 3584 477 3648 consulem
499 3584 683 3649 Memmium
714 3584 887 3649 Pollionem
919 3582 1103 3665 ingentibus
1135 3601 1203 3665 pro·
1228 3560 1265 3605 Μ
1278 3561 1374 3673 ffi‘t‘n

162 3688 265 3752 missis
280 3688 434 3751 inducunt
451 3688 641 3752 sententiam
657 3708 851 3772 expromere,
877 3707 940 3770 qua
955 3691 1097 3750 oraretur
1113 3684 1202 3749 Olau—
1222 3699 1257 3743 cet
1276 3698 1378 3743 ortacia.

162 3790 231 3856 dius
247 3791 445 3875 despondere
461 3790 628 3856 Octaviam
643 3791 790 3874 Domitio,
815 3790 900 3873 quod
919 3789 1016 3853 aetati
1039 3787 1202 3870 utriusque

162 3915 224 3958 non
248 3895 420 3960 absurdum
444 3902 475 3959 et
498 3894 617 3958 maiora
639 3895 873 3978 patefacturum
893 3899 969 3956 erat.
994 3890 1092 3955 Pollio
1115 3888 1202 3952 haud
