2984 4275
514 224 539 261 a.
553 208 586 263 U.
599 224 622 262 c.
635 211 694 264 800.
720 225 745 276 p.
759 208 822 262 Chr.
834 212 877 263 47.
1174 195 1215 259 13

173 380 304 466 publica
325 380 532 465 capessenda,
556 381 778 447 transferendo
801 381 863 446 huc
879 382 964 465 quod
979 402 1114 477 usquam
1129 405 1216 467 egre-

174 485 262 566 gium
285 484 387 549 fuerit.
412 486 620 566 nequeenim
642 486 753 569 ignoro
775 486 872 550 Iulios
887 485 979 569 Alba,
1003 487 1215 554 Coruncanios

173 587 327 669 Camerio,
351 589 478 654 Porcios
496 589 644 673 Tusculo,
668 595 699 654 et
721 609 764 653 ne
786 597 897 654 vetera
919 596 1102 674 scrutemur,
1125 592 1215 656 Etru-

173 691 222 755 ria
244 691 449 775 Lucaniaque
472 698 503 756 et
525 693 612 757 omni
633 694 727 757 Italia
750 694 784 757 in
810 699 955 758 senatum
978 695 1105 778 accitos,
1131 703 1215 779 post-

173 815 261 860 remo
287 795 391 878 ipsam
418 794 460 859 ad
487 795 583 879 Alpes
609 803 801 880 promotam,
833 805 869 861 ut
895 817 958 861 non
982 798 1076 862 modo
1098 797 1216 882 singuli

173 898 301 982 viritim,
317 899 373 963 sed
388 906 501 980 terrae,
521 907 633 983 gentes
647 901 682 965 in
696 920 814 965 nomen
829 907 973 966 nostrum
989 902 1213 967 coalescerent.

174 1009 249 1067 tunc
276 1001 377 1067 solida
405 1003 491 1068 domi
518 1005 609 1086 quies
635 1011 667 1069 et
693 1004 849 1069 adversus
880 1011 1012 1070 externa
1040 1004 1212 1089 floruimus,

174 1126 246 1171 cum
272 1107 495 1191 Transpadani
521 1108 555 1172 in
581 1108 743 1173 civitatem
770 1109 898 1193 recepti,
929 1129 1001 1173 oum
1034 1110 1140 1193 specie
1163 1110 1214 1175 de·

174 1209 338 1275 ductarum
354 1230 411 1294 per
421 1210 528 1276 orbem
544 1218 647 1277 terrae
662 1212 825 1294 legionum
839 1212 956 1277 additis
970 1213 1214 1297 provincialium

173 1301 380 1379 validissimis
401 1314 485 1380 fesso
507 1315 640 1399 imperio
663 1315 854 1381 subventum
877 1323 935 1381 est.
974 1337 1050 1381 num
1072 1317 1214 1401 paenitet

172 1417 290 1483 Balbos
316 1438 357 1482 ex
383 1418 541 1502 Hispania
567 1439 625 1484 nec
652 1420 756 1483 minus
783 1419 925 1502 insignes
952 1419 1037 1485 viros
1063 1440 1082 1484 e
1109 1419 1214 1485 Gallia

172 1520 375 1587 Narbonensi
389 1523 594 1588 transivisse?
618 1530 749 1587 manent
770 1524 890 1607 posteri
906 1543 1014 1588 eorum
1031 1543 1091 1587 nec
1106 1543 1213 1593 amore

171 1624 207 1688 in
229 1625 312 1701 hano
333 1625 470 1709 patriam
493 1627 584 1692 nobis
606 1627 793 1692 concedunt.
826 1626 903 1710 quid
926 1627 1014 1691 aliud
1037 1627 1133 1691 exitio
1155 1627 1213 1690 La·

172 1728 386 1793 cedaemoniis
409 1736 441 1794 et
456 1730 704 1796 Atheniensibus
719 1730 789 1812 fuit,
813 1751 1006 1814 quamquam
1029 1731 1126 1796 armis
1149 1731 1213 1815 pol·

168 1833 284 1913 lerant,
307 1834 369 1897 nisi
384 1833 468 1917 quod
482 1835 582 1899 victos
603 1854 661 1919 pro
685 1835 873 1918 alienigenis
896 1835 1069 1900 arcebant?
1093 1842 1127 1899 at
1142 1855 1213 1899 con·

172 1936 255 2000 ditor
276 1936 376 2001 nostri
396 1937 548 2002 Romulus
569 1943 695 2003 tantum
719 1938 876 2022 sapientia
898 1939 1008 2019 valuit,
1040 1944 1074 2002 ut
1096 1939 1212 2022 pleros-

173 2059 234 2123 que
255 2041 389 2124 populos
411 2041 523 2106 eodem
546 2040 598 2106 dic
620 2041 736 2125 hostes,
761 2042 835 2106 dein
857 2043 944 2106 cives
967 2041 1124 2107 habuerit.
1159 2041 1212 2105 ad-

171 2164 274 2210 venae
295 2144 330 2209 in
348 2164 406 2209 nos
421 2153 646 2228 regnaverunt:
670 2147 888 2211 libertinorum
911 2145 985 2210 filiis
1007 2145 1212 2227 magistratus

171 2247 324 2313 mandare
354 2269 428 2330 non,
456 2256 491 2313 ut
519 2250 662 2333 plerique
689 2250 850 2334 falluntur,
879 2268 1003 2333 repens,
1033 2249 1090 2313 sed
1115 2249 1213 2333 priori

171 2352 288 2436 populo
307 2351 491 2417 ¹factitatum
518 2359 575 2418 est.
613 2360 647 2417 at
673 2373 745 2417 cum
775 2352 954 2418 Senonibus
982 2352 1210 2436 pugnavimus:

169 2455 290 2520 scilicet
303 2455 414 2521 Vulsci
429 2464 461 2521 et
475 2457 578 2540 Aequi
601 2477 776 2541 numquam
799 2457 969 2522 adversam
994 2456 1087 2521 nobis
1109 2455 1210 2520 aciem

168 2559 355 2624 instruxere.
393 2562 478 2645 capti
500 2582 520 2625 a
542 2560 642 2626 Gallis
665 2580 791 2626 sumus:
816 2562 873 2626 sed
896 2567 927 2624 et
949 2560 1062 2624 Tuscis
1086 2559 1210 2624 obsides

169 2662 315 2728 dedimus
345 2670 377 2728 et
405 2664 594 2729 Samnitium
623 2664 733 2748 iugum
765 2664 929 2730 subiimus.
968 2683 1006 2728 ac
1037 2670 1152 2744 tamen,
1184 2663 1212 2727 si

168 2773 283 2831 cuncta
306 2766 389 2832 bella
411 2788 586 2852 recenseas,
609 2769 732 2834 nullum
748 2768 893 2833 breviore
915 2769 1019 2851 spatio
1040 2786 1134 2850 quam
1158 2765 1210 2830 ad-

167 2890 279 2936 versus
294 2869 402 2937 Gallos
416 2872 609 2937 confectum:
633 2873 785 2937 continua
805 2871 881 2936 inde
904 2891 943 2935 ac
960 2871 1027 2935 fida
1047 2890 1122 2954 pax.
1145 2870 1210 2933 iam

168 2974 309 3040 moribus
323 2976 444 3041 artibus
462 2976 679 3042 adfinitatibus
695 2977 812 3041 nostris
836 2975 928 3040 mixti
950 2995 1063 3039 aurum
1087 2980 1119 3037 et
1133 2993 1210 3058 opes

169 3097 243 3143 suas
259 3068 396 3144 inferant
411 3081 515 3164 potius
530 3101 626 3163 quam
642 3079 782 3164 separati
797 3079 946 3144 habeant.
971 3079 1087 3159 omnia,
1104 3085 1210 3160 patres

168 3183 347 3267 conscripti,
373 3203 454 3267 quae
475 3204 558 3249 nunc
572 3183 788 3249 vetustissima
802 3182 984 3266 ereduntur,
1009 3202 1093 3246 nova
1107 3181 1210 3245 fuere:

167 3286 284 3369 plebeii
312 3287 513 3369 magistratus
540 3293 611 3371 post
637 3287 797 3371 patricios,
825 3285 932 3350 Latini
958 3292 1031 3369 post
1055 3285 1209 3369 plebeios,

168 3396 345 3453 ceterarum
366 3390 479 3455 ltaliae
501 3390 643 3472 gentium
665 3396 736 3474 post
751 3390 893 3454 Latinos.
916 3389 1128 3453 inveterascet
1149 3387 1210 3452 hoo

169 3512 303 3575 quoque,
317 3498 349 3556 et
360 3494 443 3576 quod
455 3493 551 3559 hodie
563 3494 716 3578 exemplis
728 3499 865 3576 tuemur,
877 3493 961 3556 inter
973 3492 1120 3575 exempla
1128 3487 1206 3556 erit'.

273 3595 325 3660 25.
366 3595 549 3662 Orationem
581 3597 732 3681 principis
768 3603 875 3661 secuto
906 3602 1032 3678 patrum
1066 3594 1208 3658 consulto
1243 3609 1286 3655 ab
1297 3595 1369 3654 tiano

167 3697 262 3781 primi
282 3699 387 3764 Aedui
410 3707 590 3765 senatorum
616 3700 650 3765 in
672 3700 751 3764 urbe
774 3700 823 3763 ius
845 3698 954 3782 adepti
978 3703 1059 3761 sunt,
1097 3695 1207 3760 datum
1235 3678 1372 3799 “lml‘

168 3800 201 3865 id
230 3801 352 3867 foederi
381 3805 521 3887 antiquo,
552 3810 584 3868 et
614 3803 689 3887 quia
719 3803 778 3867 soli
808 3801 971 3866 Gallorum
1001 3799 1207 3862 fraternitatis

168 3925 285 3970 nomen
307 3926 379 3971 cum
400 3908 517 3992 populo
539 3908 682 3971 Romano
705 3912 868 3989 usurpant.
