2984 4275
317 166 379 230 162
540 178 589 237 Ab
608 197 726 236 excessu
743 181 777 235 D.
790 176 916 250 Augusti
934 181 1004 235 XVI
1023 184 1135 236 22-26.

315 359 524 424 secessionem
547 357 610 422 iam
633 355 667 420 id
691 362 722 420 et
743 363 848 440 partes
871 362 912 435 et,
935 355 963 419 si
984 355 1069 420 idem
1091 353 1183 419 multi
1205 353 1354 437 audeant,

315 464 434 529 bellum
456 482 536 527 esse.
562 467 606 524 ‘ut
629 461 791 543 quondam
806 459 840 524 Ο.
856 460 1036 525 Caesarem’
1058 459 1161 541 inquit
1182 452 1227 523 ‘et
1242 459 1285 524 Μ.
1302 458 1356 524 Oa·

314 575 432 651 tonem,
456 567 502 630 ita
525 584 609 629 nuno
632 572 674 648 te,
697 565 793 646 Nero,
817 570 849 629 et
871 565 1046 630 Thraseam
1070 563 1165 628 avida
1187 562 1356 628 discordia-

315 692 384 737 rum
408 671 519 747 civitas
540 670 687 751 loquitur.
712 677 743 733 et
760 669 858 733 habet
880 675 1051 734 sectatores
1067 670 1118 734 vel
1141 667 1246 752 potius
1266 668 1358 732 satel-

315 777 396 859 lites,
413 777 466 858 qui
481 775 623 841 nondum
639 774 872 839 contumaciam
887 774 1127 857 sententiarum,
1140 772 1197 837 sed
1212 771 1358 836 habitum

316 881 501 962 vultumque
524 880 592 946 eius
616 885 787 963 sectantur,
811 877 904 961 rigidi
920 884 952 942 et
967 879 1080 960 tristes,
1104 897 1166 959 quo
1187 876 1247 941 tibi
1270 877 1358 941 lasci·

317 986 403 1050 viam
433 985 632 1068 exprobrent.
671 982 744 1047 huic
774 983 830 1046 imi
856 983 1058 1047 incolumitas
1087 987 1143 1046 tua
1172 981 1241 1045 sine
1272 1000 1356 1061 cura,

316 1097 400 1155 artes
427 1090 495 1155 sine
522 1089 649 1154 honore.
688 1107 840 1171 prospera
866 1086 1017 1171 principis
1046 1087 1183 1170 spernit:
1219 1085 1359 1150 etiamne

316 1194 453 1259 luctibus
480 1201 512 1257 et
539 1193 698 1258 doloribus
728 1212 794 1256 non
822 1192 978 1256 satiatur?
1016 1190 1158 1256 eiusdem
1185 1189 1285 1254 animi
1312 1198 1359 1256 est

317 1299 497 1381 Poppaeam
520 1296 628 1361 divam
650 1317 714 1361 non
737 1296 875 1379 credere,
900 1296 989 1361 ouius
1006 1296 1040 1359 in
1055 1306 1128 1361 acta
1146 1295 1212 1361 divi
1223 1296 1359 1379 Augusti

317 1408 349 1467 et
372 1402 437 1466 divi
459 1402 521 1466 Iuli
543 1422 605 1465 non
627 1401 740 1465 iurare.
765 1401 885 1485 spernit
906 1400 1084 1485 religiones,
1108 1401 1242 1484 abrogat
1261 1401 1356 1483 leges.

317 1506 430 1571 diurna
453 1506 560 1589 populi
587 1505 721 1569 Romani
747 1525 804 1588 per
829 1505 1018 1590 provincias,
1050 1525 1108 1589 per
1129 1505 1286 1570 exereitus
1309 1525 1358 1569 cu-

316 1611 414 1676 ratius
440 1612 596 1693 leguntur,
627 1617 662 1673 nt
684 1617 841 1694 noscatur,
872 1609 948 1691 quid
971 1610 1114 1675 Thrasea
1143 1631 1207 1674 non
1236 1610 1356 1674 fecerit.

317 1722 373 1780 ant
403 1722 602 1778 transeamus
631 1713 674 1778 ad
702 1715 758 1779 illa
791 1715 946 1798 instituta,
982 1715 1010 1779 si
1038 1715 1161 1799 potiora
1190 1723 1274 1798 sunt,
1305 1721 1359 1778 aut

317 1839 401 1884 nova
430 1818 628 1902 cupientibus
658 1818 820 1883 auferatur
854 1818 919 1883 dux
952 1825 984 1883 et
1013 1826 1132 1884 auctor.
1177 1818 1239 1883 ista
1272 1825 1358 1884 scota

317 1925 499 1989 Tuberones
527 1930 559 1987 et
585 1923 754 2007 Favonios,
786 1923 885 1988 veteri
911 1943 1037 2005 quoque
1066 1923 1113 1987 rei
1142 1923 1288 2007 publicae
1315 1923 1358 1987 in-

317 2035 408 2111 grata
430 2028 568 2111 nomina,
593 2028 711 2110 genuit.
750 2033 786 2091 ut
806 2028 974 2111 imperium
997 2034 1151 2110 evertant,
1182 2029 1357 2093 libertatem

317 2132 514 2218 praeferunt:
530 2133 557 2198 si
572 2133 789 2218 perverterint,
813 2132 991 2198 libertatem
1005 2133 1108 2217 ipsam
1124 2132 1356 2216 adgredientur.

317 2239 435 2304 frustra
456 2238 599 2304 Cassium
621 2238 778 2321 amovisti,
802 2239 830 2302 si
850 2239 983 2321 gliscere
1007 2245 1038 2302 et
1059 2238 1167 2321 vigere
1188 2238 1357 2304 Brutorum

318 2346 460 2410 aemulos
476 2364 626 2427 passurus
642 2364 685 2408 es.
709 2343 845 2425 denique
868 2343 947 2407 nihil
962 2344 1030 2426 ipse
1053 2342 1094 2408 de
1109 2344 1252 2409 Thrasea
1267 2344 1357 2427 scrip-

318 2449 412 2514 seris:
450 2446 704 2534 disceptatorem}
725 2454 872 2512 senatum
902 2448 994 2512 nobis
1027 2443 1194 2529 relinque'
1238 2448 1359 2515 extollit

318 2553 365 2616 ira
391 2558 571 2636 promptum
598 2551 778 2616 Cossutiani
808 2552 949 2616 animum
979 2553 1065 2618 Nero
1095 2552 1253 2636 adicitque
1281 2555 1358 2618 Mar-

319 2658 433 2721 cellum
456 2656 585 2740 Eprium
609 2657 674 2720 acri
696 2657 886 2738 eloquentia.

178 2787 272 2840 aenaea
424 2761 475 2824 23.
498 2761 541 2824 At
564 2761 699 2825 Baream
721 2759 878 2826 Soranum
899 2762 964 2825 iam
986 2761 1046 2826 sibi
1066 2760 1207 2827 Ostorius
1222 2761 1358 2827 Sabinus

146 2856 302 2971 ⁰⁸g⁸⁰¹¹mffi²i
319 2885 415 2946 eques
437 2866 599 2930 Romanus
622 2872 809 2949 poposcerat
834 2885 922 2930 reum
945 2886 986 2930 ex
1009 2866 1231 2949 proconsulatu
1253 2867 1358 2949 Asiae,

317 2969 352 3033 in
368 2989 430 3051 quo
445 2969 633 3035 offensiones
656 2970 807 3053 principis
830 2970 919 3034 auxit
940 2970 1059 3034 iustitia
1081 2976 1177 3052 atque
1195 2971 1357 3056 industria,

320 3081 351 3140 et
373 3073 447 3155 quia
469 3073 802 3158 portuiEphesiornm
825 3075 996 3159 aperiendo
1019 3095 1127 3140 curam
1148 3076 1358 3160 insumpserat

319 3180 449 3260 vimque
472 3179 608 3244 civitatis
635 3180 862 3261 Pergamenae,
893 3180 1089 3263 prohibentis
1111 3182 1263 3245 Acratum
1286 3182 1358 3246 an-

320 3284 398 3348 saris
421 3282 570 3348 libertum
593 3291 714 3348 statuas
737 3291 769 3348 et
792 3284 931 3368 picturas
955 3284 1100 3368 evehere,
1129 3285 1263 3349 inultam
1286 3286 1359 3351 omi-

319 3393 411 3452 serat.
450 3387 508 3452 sed
538 3388 659 3452 crimini
690 3389 827 3454 dabatur
860 3389 1000 3454 amicitia
1033 3389 1138 3454 Plauti
1167 3396 1198 3455 et
1230 3391 1359 3455 ambitio

320 3492 537 3557 conciliandae
563 3494 744 3578 provinciae
774 3494 817 3559 ad
839 3515 911 3578 spes
933 3514 1042 3560 novas.
1081 3503 1208 3578 tempus
1232 3495 1359 3560 damna·

319 3597 398 3663 tioni
420 3596 588 3680 delectum,
613 3619 674 3682 quo
689 3599 848 3664 Tiridates
868 3599 1053 3683 accipiendo
1068 3601 1240 3664 Armeniae
1262 3620 1359 3682 regno

319 3701 523 3784 adventabat,
554 3709 589 3767 ut
615 3702 657 3767 ad
684 3710 818 3768 externa
842 3705 1020 3769 rumoribus
1044 3704 1231 3769 intestinum
1258 3706 1359 3769 scelus

320 3806 548 3887 obscurare-tur,
579 3826 621 3870 an
650 3814 684 3871 ut
715 3807 967 3889 magnitudinem
997 3809 1232 3891 imperatoriam
1264 3808 1359 3873 caede

319 3909 491 3991 insignium
514 3910 650 3974 virorum
675 3910 767 3993 quasi
788 3911 875 3992 regio
898 3911 1036 3977 facinore
1058 3919 1239 3978 ostentaret.
