2984 4275
489 199 513 236 a.
526 184 560 239 u
573 199 596 238 c.
609 187 668 240 111.
692 182 850 252 aemes.

254 356 284 421 6.
313 356 381 421 lllio
404 363 555 442 reputans
577 357 650 422 ideo
672 377 708 422 se
730 356 899 422 fallacibus
921 357 1033 422 litteris
1055 356 1190 421 accitam
1219 371 1356 427 1111111111
1441 340 1442 345 ¹

151 468 183 526 et
203 461 322 526 honore
349 461 519 545 praecipuo
546 461 699 544 habitam,
728 459 874 544 quodque
902 461 976 526 litus
998 461 1097 546 iuxta,
1125 481 1188 524 non
1217 442 1357 496 mmm·

150 565 253 630 ventis
280 570 362 649 acta,
393 585 456 629 non
485 566 572 630 saxis
598 565 724 649 inpulsa
752 565 843 629 navis
870 585 992 629 summa
1024 565 1073 630 sui
1102 571 1191 649 parte

150 669 249 734 veluti
282 676 431 734 terrestre
461 670 753 734 machinamentum
785 669 983 752 concidisset,
1018 669 1191 736 observans

150 774 248 838 etiam
270 772 462 838 Acerroniae
488 794 609 856 necem,
641 775 734 838 simul
762 793 853 838 suum
881 776 996 839 vulnus
1022 775 1189 858 aspiciens,

150 878 251 941 solum
274 876 459 942 insidiarum
480 877 656 943 remedium
679 897 748 943 esse
772 878 879 961 sensit,
902 877 930 942 si
951 898 1015 942 non
1030 879 1191 960 intellege-

149 987 272 1064 rentur3
301 981 446 1063 misitque
472 981 619 1046 libertum
642 982 825 1067 Agerinum,
856 982 912 1064 qui
940 984 1100 1048 nuntiaret
1125 981 1190 1047 filio

149 1085 348 1168 benignitate
370 1084 464 1150 deum
487 1093 519 1151 et
534 1085 660 1151 fortuna
676 1086 744 1150 eius
760 1086 898 1151 evasisse
920 1107 1051 1169 gravem
1067 1106 1188 1167 casum3

150 1208 248 1271 orare,
265 1196 301 1253 ut
316 1190 462 1271 quamvis
480 1189 620 1274 periculo
635 1190 746 1255 matris
765 1190 930 1255 exterritus
946 1190 1068 1255 visendi
1083 1210 1191 1255 curam

150 1292 303 1376 differret,
335 1292 396 1357 sibi
422 1292 465 1356 ad
494 1313 645 1378 praesens
673 1295 778 1375 quiete
814 1314 901 1377 opus.
939 1301 1036 1376 atque
1064 1293 1191 1359 interim

150 1396 318 1461 securitate
344 1396 491 1461 simulata
517 1398 728 1463 medicamina
751 1399 876 1463 vulneri
903 1405 936 1463 et
957 1399 1098 1464 fomenta
1126 1417 1191 1463 cor-

150 1500 217 1584 pori
246 1499 391 1583 adhibet;
426 1508 650 1565 testamentum
679 1502 870 1566 Acerroniae
899 1502 1016 1584 requiri
1045 1503 1191 1584 bonaque

150 1603 311 1687 obsignari
332 1603 429 1686 iubet,
451 1603 485 1668 id
507 1611 631 1669 tantum
656 1626 719 1670 non
742 1626 801 1690 per
824 1606 1065 1671 simulationem.

255 1708 284 1772 7.
319 1708 360 1772 At
386 1708 506 1773 Neroni
532 1708 660 1774 nuntios
690 1711 804 1794 patrati
837 1710 985 1775 facinoris
1015 1709 1190 1794 opperienti
1236 1725 1338 1772 tutem

151 1809 292 1876 adfertur
307 1813 445 1877 evasisse
459 1813 525 1877 ictu
546 1812 609 1878 levi
632 1814 774 1878 sauciam
797 1820 829 1878 et
850 1813 1004 1879 hactenus
1026 1813 1113 1879 adito
1128 1813 1189 1878 dis
1219 1794 1350 1911 ww*

151 1916 289 2001 crimine,
312 1936 353 1981 ne
375 1923 484 1982 auctor
505 1917 713 1982 dubitaretur.
748 1926 815 1981 tum
837 1937 955 2001 pavore
978 1917 1136 1982 exanimis
1158 1924 1190 1982 et
1218 1935 1354 1988 1111111111

150 2019 366 2103 iamiamque
395 2019 506 2085 adfore
536 2020 697 2086 obtestans
725 2020 885 2086 vindictae
915 2041 1090 2106 properam,
1121 2022 1190 2086 sive

150 2124 279 2191 servitia
294 2132 432 2190 armaret
446 2126 498 2190 vel
521 2126 654 2191 militem
669 2124 866 2209 accenderet,
890 2126 958 2191 sive
980 2124 1022 2190 ad
1045 2131 1190 2191 senatum

151 2236 182 2293 et
208 2230 358 2314 populum
385 2228 584 2314 pervaderet,
616 2230 817 2313 naufragium
845 2236 877 2294 et
899 2230 1014 2295 vulnus
1041 2237 1072 2294 et
1098 2231 1190 2294 inter·

152 2333 251 2398 fectos
281 2334 399 2399 amicos
428 2333 608 2400 obiciendo:
645 2333 729 2416 quod
762 2340 871 2398 onuba
901 2333 1077 2399 subsidium
1106 2333 1189 2399 sibi?

151 2437 211 2501 nisi
240 2435 316 2520 quid
345 2438 464 2501 Burrus
494 2443 526 2502 et
555 2436 690 2523 Seneca,
722 2458 801 2520 quos
831 2445 975 2522 expertes
1004 2438 1111 2503 statim
1135 2459 1189 2504 ac-

152 2540 279 2624 civerat,
302 2542 457 2605 incertum
479 2561 521 2604 an
545 2547 577 2606 et
598 2542 735 2623 ignaros.
759 2542 856 2623 igitur
877 2542 1006 2625 longum
1029 2542 1190 2624 utriusque

150 2644 320 2726 silentium,
344 2664 384 2709 ne
406 2644 492 2709 inriti
514 2644 745 2729 dissuaderent,
770 2666 812 2710 an
828 2666 866 2710 eo
882 2645 1070 2712 descensum
1086 2645 1189 2712 crede-

149 2750 235 2830 bant,
263 2753 307 2831 ut,
335 2748 397 2812 nisi
423 2750 662 2832 praeveniretur
683 2749 872 2834 Agrippina,
904 2750 1102 2834 pereundum
1128 2751 1189 2815 Ne-

149 2852 216 2918 roni
231 2857 324 2916 esset.
347 2858 418 2935 post
433 2852 556 2917 Seneca
577 2852 733 2922 hacteuus
756 2854 941 2938 promptius,
965 2861 1000 2919 ut
1019 2854 1190 2939 respiceret

149 2958 283 3021 Burrum
299 2975 337 3021 ac
352 2956 572 3039 sciscitaretur,
596 2978 639 3021 an
655 2956 747 3022 militi
762 2957 949 3041 imperanda
965 2958 1080 3024 caedes
1095 2965 1188 3024 esset.

149 3061 202 3125 iile
233 3060 451 3143 praetorianos
487 3061 544 3124 toti
578 3060 749 3126 Caesarum
784 3060 892 3125 domui
926 3062 1093 3127 obstrictos
1126 3082 1189 3127 me-

150 3183 315 3247 moresque
330 3162 511 3228 Germanici
533 3164 612 3229 nihil
634 3164 788 3231 adversus
810 3167 993 3250 progeniem
1016 3165 1084 3232 eius
1098 3173 1189 3231 atrox

45 3331 46 3350 ,
150 3287 281 3334 ausuros
314 3267 491 3352 respondit:
525 3275 720 3353 perpetraret
750 3269 901 3334 Anicetus
934 3270 1095 3354 promissa.
1134 3270 1190 3351 qui

46 3393 49 3468 1
150 3371 227 3436 nihil
251 3378 415 3437 cunctatus
438 3372 539 3457 poscit
561 3393 720 3437 summam
743 3373 880 3439 sceleris.
920 3372 962 3437 ad
985 3393 1055 3437 eam
1077 3393 1188 3438 vocem

149 3476 233 3540 Nero
256 3476 311 3539 illo
334 3475 395 3541 sibi
417 3475 469 3541 die
492 3475 561 3539 dari
582 3476 750 3561 imperium
773 3483 997 3560 auctoremque
1019 3476 1101 3541 tanti
1123 3498 1189 3541 mu·

150 3579 233 3645 neris
256 3579 404 3662 libertum
427 3579 605 3664 profitetur:
628 3581 689 3645 iret
710 3599 843 3665 propere
858 3579 1051 3663 duceretque
1066 3599 1189 3664 promp-

150 3683 288 3749 tissimos
310 3683 352 3748 ad
374 3684 468 3749 iussa.
504 3684 572 3767 ipse
594 3684 702 3748 audito
724 3684 851 3749 venisse
873 3684 970 3749 missu
993 3682 1188 3767 Agrippinae

150 3788 295 3853 nuntium
306 3788 490 3871 Agerinum,
507 3808 656 3854 scaenam
668 3789 750 3854 ultro
766 3788 906 3853 criminis
921 3796 1021 3872 parat,
1034 3787 1189 3870 gladium·

153 3912 219 3975 que,
248 3891 325 3957 dum
347 3891 499 3957 mandata
521 3892 647 3976 perfert,
677 3892 774 3957 abicit
794 3893 879 3957 inter
901 3891 998 3976 pedes
1019 3891 1096 3976 eius,
1120 3898 1188 3955 tum
