2984 4275
281 150 342 214 148
509 166 560 220 Ab
579 181 695 221 excessu
713 165 746 220 D.
759 166 885 234 Augusti
904 165 958 219 XV
978 168 1089 220 67-71.

279 348 419 425 comptos
436 347 468 405 et
482 340 614 406 validos.
639 340 716 404 nihil
739 340 773 403 in
794 340 849 404 illa
865 339 1080 404 coniuratione
1098 339 1226 421 gravius
1242 340 1322 404 auri-

279 446 338 509 bus
359 446 495 509 Neronis
518 444 670 509 accidisse
687 445 835 525 constitit,
860 444 914 525 qui
931 451 963 507 ut
979 444 1134 508 faciendis
1150 445 1321 510 sceleribus

278 556 451 634 promptus,
475 550 520 613 ita
542 548 692 613 audiendi
708 569 790 629 quae
814 549 933 613 faceret
954 549 1093 613 insolens
1116 556 1193 612 erat.
1217 569 1322 632 poena

280 654 369 718 Flavi
391 653 524 718 Veianio
553 653 653 736 Nigro
682 653 808 717 tribuno
838 651 1017 716 mandatur.
1056 653 1082 716 is
1112 653 1256 736 proximo
1287 654 1322 717 in

278 779 355 841 agro
383 759 526 822 scrobem
554 757 650 822 effodi
679 758 779 839 iussit,
812 777 907 838 quam
931 757 1032 821 visam
1059 757 1176 821 Flavus
1203 764 1238 820 ut
1267 757 1321 820 hu·

279 863 386 926 milem
413 868 444 925 et
471 868 639 943 angustam
661 861 840 944 increpans,
870 860 1146 925 circumstantibus
1169 860 1322 924 militibus

278 958 331 1030 ‘ne
354 966 414 1030 hoo
436 961 576 1047 quidem'
599 966 701 1046 inquit
724 958 776 1029 ‘ex
791 959 977 1047 disciplina‘.
1002 962 1246 1043 admonitusque
1262 964 1321 1027 for-

278 1070 350 1133 titer
377 1070 565 1152 protendere
595 1069 761 1150 cervicem,
792 1061 935 1132 ‘utinam'
958 1068 1003 1131 ait
1030 1060 1076 1131 ‘tu
1103 1074 1171 1130 tam
1198 1067 1322 1132 fortiter

279 1169 404 1238 feriasi'
427 1179 459 1236 et
481 1173 534 1236 ille
556 1173 688 1237 multum
712 1179 860 1255 tremens,
885 1192 957 1235 cum
981 1172 1035 1235 vix
1057 1171 1182 1235 duobus
1205 1171 1323 1237 ictibus

280 1284 375 1360 caput
405 1277 642 1359 amputavissct,
674 1277 840 1341 saevitiam
871 1276 957 1359 apud
987 1277 1148 1341 Neronem
1178 1277 1321 1357 iactavit,

279 1380 482 1464 sesquiplaga
504 1380 706 1444 interfectum
729 1401 749 1444 a
772 1400 806 1444 se
829 1379 973 1444 dicendo.

167 1500 204 1541 tec
384 1484 436 1548 68.
453 1484 634 1550 Proximum
647 1486 843 1549 constantiae
859 1484 1039 1567 exemplum
1054 1483 1323 1567 SulpiciusAsper

126 1567 243 1689 ῦξζζῗξθ
281 1589 421 1654 centurio
437 1589 589 1671 praebuit,
607 1589 806 1673 percontanti
821 1590 950 1672 Neroni,
968 1590 1069 1653 curin
1086 1588 1219 1652 caedem
1231 1609 1322 1653 suam

104 1709 149 1751 uss
166 1707 261 1751 antero.
280 1692 533 1776 conspiravisset,
555 1693 694 1757 breviter
715 1692 910 1775 respondens
933 1712 997 1756 non
1020 1692 1111 1755 aliter
1125 1697 1171 1756 tot
1193 1690 1322 1773 flagitiis

280 1798 348 1861 eius
370 1797 531 1861 subveniri
554 1798 704 1879 potuisse.
728 1804 795 1860 tum
817 1798 936 1861 iussam
959 1817 1095 1879 poenam
1119 1797 1224 1861 subiit.
1263 1816 1322 1860 nec

281 1903 377 1966 ceteri
400 1902 600 1966 centuriones
615 1902 648 1965 in
663 1900 877 1984 perpetiendis
893 1901 1053 1984 suppliciis
1069 1900 1320 1983 degeneravere:

280 2014 313 2070 at
337 2026 400 2069 non
423 2005 541 2069 Faenio
560 2005 642 2068 Rufo
665 2026 723 2089 par
745 2007 878 2087 animus,
903 2005 959 2069 sed
981 2005 1225 2069 lamentationes
1248 2024 1322 2069 suas

281 2111 376 2176 etiam
399 2110 432 2175 in
455 2115 677 2176 testamentum
701 2110 842 2175 contulit.

136 2227 237 2282 britona
386 2213 617 2298 Opperiebatur
643 2214 737 2297 Nero,
769 2220 804 2277 ut
829 2214 979 2278 Vestinus
1007 2233 1132 2295 quoque
1155 2215 1264 2278 consul
1287 2213 1320 2277 in

105 2297 263 2422 mgffiffiff
282 2321 400 2384 crimen
427 2319 648 2398 attraheretur,
677 2318 851 2382 violentum
881 2324 911 2381 et
938 2317 1097 2382 infensum
1128 2324 1232 2382 ratus:
1263 2317 1320 2381 sed

282 2444 322 2488 ex
345 2424 514 2488 coniuratis
537 2422 667 2487 consilia
690 2442 762 2485 cum
785 2422 915 2486 Vestino
939 2443 1001 2485 non
1025 2423 1226 2502 miscuerant,
1257 2422 1320 2501 qui·

280 2527 356 2591 dam
371 2526 505 2591 vetustis
519 2527 553 2590 in
568 2546 640 2591 eum
656 2525 880 2607 simultatibus,
897 2526 1011 2608 plures,
1029 2527 1103 2606 quia
1114 2525 1320 2608 praecipitem

280 2637 312 2694 et
338 2628 554 2694 insociabilem
584 2628 765 2693 credebant.
811 2635 951 2693 ceterum
981 2629 1099 2693 Neroni
1129 2627 1237 2691 odium
1268 2627 1321 2691 ad·

280 2752 388 2797 versus
410 2732 575 2796 Vestinum
598 2751 639 2795 ex
661 2732 774 2795 intima
794 2730 960 2795 sodalitate
982 2739 1140 2814 coeperat,
1169 2731 1245 2795 dum
1269 2731 1320 2794 hic

279 2837 441 2919 ignaviam
457 2836 605 2919 principis
620 2837 745 2918 penitus
761 2835 921 2916 cognitam
937 2835 1080 2918 despicit,
1101 2835 1153 2899 ille
1170 2835 1319 2899 ferociam

279 2940 374 3004 amici
403 2939 524 3020 metuit,
555 2959 652 3022 saepe
682 2939 802 3022 asperis
832 2938 954 3003 facetiis
983 2939 1114 3028 inlusus,
1151 2958 1235 3019 quae
1265 2937 1320 3002 ubi

279 3045 413 3107 multum
436 3062 476 3106 ex
492 3062 566 3106 rero
581 3049 715 3127 traxere,
740 3062 845 3106 acrem
862 3043 910 3106 sui
926 3044 1110 3107 memoriam
1127 3044 1317 3123 relinquunt.

279 3156 455 3214 accesserat
477 3168 589 3231 repens
611 3167 716 3230 causa,
744 3148 830 3229 quod
852 3148 1002 3212 Vestinus
1025 3147 1182 3211 Statiliam
1205 3147 1320 3211 Messa·

278 3253 376 3316 linam
398 3252 597 3328 matrimonio
620 3251 681 3315 sibi
702 3252 857 3335 iunxerat,
881 3249 959 3314 haut
982 3252 1106 3316 nescius
1128 3252 1211 3315 inter
1234 3252 1319 3315 adul-

278 3363 362 3420 teros
384 3355 450 3420 eius
473 3361 504 3418 et
526 3354 696 3419 Caesarem
719 3374 798 3418 esse.

383 3459 434 3524 69.
468 3459 569 3541 Igitur
590 3478 653 3522 non
676 3458 816 3540 crimine,
845 3478 908 3522 non
931 3464 1112 3521 accusatore
1135 3457 1319 3536 exsistente,

279 3564 354 3645 quia
376 3564 513 3646 speciem
537 3562 648 3627 iudicis
671 3561 804 3626 induere
827 3582 890 3625 non
914 3567 1046 3645 poterat,
1070 3560 1112 3625 ad
1134 3563 1199 3626 vim
1223 3561 1318 3625 domi-

278 3668 414 3731 nationis
437 3685 605 3730 conversus
620 3665 825 3729 Gerellanum
847 3665 1008 3729 tribunum
1027 3685 1098 3730 cum
1114 3664 1242 3729 cohorte
1265 3664 1318 3727 mi-

278 3771 369 3834 litum
396 3769 524 3832 inmittit
551 3769 702 3849 iubetque
730 3770 925 3851 praevenire,
946 3776 1077 3833 conatus
1100 3769 1246 3849 consulis,
1270 3788 1317 3831 oc-

279 3893 394 3955 cupare
412 3871 498 3936 velut
515 3891 621 3934 arcem
638 3872 713 3953 eius,
737 3872 913 3956 opprimere
929 3873 1086 3938 delectam
1108 3872 1316 3954 iuventutem,
