2984 4275
433 199 660 267 suadent.
684 199 873 281 pensent
951 162 953 169 ¹
1112 185 1173 248 129

132 376 254 441 rivium
281 375 398 440 bucina
424 373 539 439 dimitti
566 380 598 439 et
625 379 776 439 structam
803 381 878 439 ante
905 375 1057 456 augurale
1084 395 1172 439 aram

133 479 259 545 subdita
282 479 352 544 face
374 477 515 562 accendi,
544 484 659 543 cuncta
685 479 718 542 in
742 477 842 543 maius
871 478 1018 542 attollens
1040 478 1173 543 admira-

132 585 219 649 tione
248 583 343 667 prisoi
370 584 464 647 moris
494 581 620 647 adfecit.
666 588 791 666 postero
819 581 870 647 die
897 582 1033 665 spatium
1062 583 1171 666 oravit,

133 709 195 771 quo
218 694 343 752 tantum
365 687 486 752 itineris
507 686 647 751 aditurus
664 685 778 751 fratres
793 692 867 751 ante
883 692 1079 769 matremque
1094 686 1172 752 vise-

131 799 194 878 ret,
227 792 370 857 obsidem
397 792 518 856 interea
546 790 644 855 filiam
675 789 772 855 tradit
802 791 985 874 litterasque
1016 790 1173 875 supplices

133 897 176 961 ad
196 896 368 961 Neronem.

238 999 289 1064 31.
323 1000 365 1064 Et
388 1000 546 1081 digressus
567 1001 723 1064 Pacorum
744 999 829 1083 apud
852 999 970 1083 Medos,
994 1000 1171 1082 Vologesen
1207 1013 1329 1060 statuat

132 1105 306 1170 Ecbatanis
337 1103 485 1187 repperit,
518 1123 583 1168 non
612 1103 803 1169 incuriosum
837 1102 955 1168 fratris:
992 1102 1110 1188 quippe
1141 1110 1172 1169 et
1205 1082 1331 1206 ,32ssssss

132 1208 266 1294 propriis
288 1208 406 1273 nuntiis
421 1228 442 1271 a
456 1207 631 1273 Corbulone
650 1208 800 1291 petierat,
822 1228 865 1272 ne
880 1227 976 1289 quam
997 1208 1171 1291 imaginem
1216 1221 1322 1270 succa.

132 1313 253 1379 servitii
273 1312 432 1378 Tiridates
453 1311 606 1397 perferret
628 1332 690 1376 neu
713 1311 830 1377 ferrum
852 1312 991 1377 traderet
1012 1317 1067 1377 aut
1089 1332 1171 1377 com·
1199 1295 1339 1417 „ffigffim

132 1418 230 1502 plexu
257 1417 433 1501 provincias
460 1416 669 1481 obtinentium
696 1422 855 1481 arceretur
880 1416 1040 1481 foribusve
1064 1436 1171 1481 eorum

132 1521 309 1606 adsisteret,
333 1526 502 1602 tantusque
524 1521 554 1586 ei
574 1522 705 1602 Romae,
722 1526 858 1601 quantus
877 1519 1058 1586 consulibus
1074 1519 1173 1585 honor

132 1631 227 1691 esset.
266 1624 384 1689 scilicet
410 1631 560 1689 externae
588 1625 754 1709 superbiae
781 1630 870 1690 sueto
899 1644 964 1689 non
989 1624 1091 1689 inerat
1120 1645 1173 1689 no·

132 1730 202 1794 titia
229 1729 337 1812 nostri,
365 1729 450 1813 apud
477 1729 625 1810 quosvis
652 1728 777 1812 imperii
798 1730 893 1811 valet,
920 1730 1029 1793 inania
1054 1729 1174 1793 tramit—

134 1840 254 1898 tuntur.
382 1838 385 1843 ’
870 1858 872 1861 ·

241 1936 293 2002 32.
328 1937 449 2002 Eodem
478 1957 562 2002 anno
592 1938 709 2003 Caesar
734 1937 879 2001 nationes
900 1936 1029 2020 Alpium
1059 1936 1174 2001 mariti-
1199 1954 1347 2008 trostmar
1407 1997 1410 2003 ,

136 2061 262 2106 marum
283 2042 316 2105 in
331 2041 380 2105 ius
394 2042 478 2106 Latii
500 2042 669 2106 transtulit.
694 2042 836 2122 equitum
850 2041 1064 2104 Romanorum
1088 2040 1174 2105 locos
1210 2025 1334 2136 ,usbffifflo

135 2146 287 2212 sedilibus
308 2146 411 2230 plebis
433 2148 613 2231 anteposuit
629 2146 714 2230 apud
737 2147 867 2230 eircum3
891 2164 1029 2227 namque
1045 2145 1087 2210 ad
1103 2166 1173 2210 eam
1206 2163 1334 2217 sosarnus

135 2250 223 2316 diem
251 2249 412 2315 indiscreti
439 2250 572 2333 inibant,
607 2252 681 2332 quia
710 2250 765 2315 lex
793 2250 908 2315 Roscia
936 2239 1015 2314 nihil
1044 2250 1103 2314 nisi
1134 2250 1173 2314 de
1199 2234 1341 2358 &gam

136 2353 388 2437 quattuordecim
415 2354 577 2419 ordinibus
603 2356 717 2419 sanxit.
755 2353 935 2439 spectacula
963 2352 1174 2436 gladiatorum
1193 2372 1345 2419 eructuans

134 2459 221 2524 idem
244 2478 346 2523 annus
367 2459 479 2523 habuit
501 2459 570 2543 pari
592 2458 827 2541 magnificentia
849 2477 888 2522 ao
909 2458 1026 2542 priora,
1053 2458 1110 2523 sed
1132 2458 1174 2523 fe·
1234 2441 1307 2495 ’Μ’

137 2564 294 2628 minarum
325 2563 505 2628 inlustrium
537 2570 781 2644 senatorumque
818 2563 923 2646 plures
956 2583 1012 2647 per
1044 2582 1174 2627 arenam

137 2666 257 2733 foedati
280 2674 361 2731 sunt.

242 2875 293 2940 33.
328 2875 361 2940 O.
385 2875 542 2941 Laecanio
571 2876 611 2941 M.
635 2876 755 2941 Licinio
787 2875 967 2941 consulibus
996 2877 1115 2941 acriore
1141 2878 1173 2941 in
1199 2892 1256 2936 nan
1269 2892 1343 2938 corat

137 2980 205 3046 dies
236 2979 384 3064 cupidine
416 2980 604 3063 adigebatur
633 2981 719 3044 Nero
753 2980 924 3063 promiscas
957 3000 1087 3045 scaenas
1117 2981 1174 3046 fre·
1206 2962 1337 3084 ,jam

138 3084 321 3168 quentandi.
359 3104 434 3148 nam
456 3084 560 3150 adbuc
581 3105 640 3168 per
661 3083 791 3148 domum
813 3090 869 3148 aut
890 3084 996 3150 hortos
1020 3085 1175 3150 cecinerat

137 3189 341 3254 Iuvenalibus
362 3188 454 3270 ludis,
478 3209 556 3272 quos
579 3195 615 3253 ut
636 3208 748 3272 parum
771 3188 911 3253 celebres
930 3195 962 3254 et
981 3196 1089 3255 tantae
1105 3190 1175 3254 voci

137 3299 289 3376 angustos
318 3292 497 3376 spernebat.
534 3313 598 3357 non
613 3298 734 3356 -tamen
764 3293 884 3356 Rornae
913 3292 1052 3377 incipere
1079 3314 1174 3358 ausus

138 3396 307 3481 Neapolim
336 3396 427 3476 quasi
456 3395 610 3461 Graecam
639 3397 750 3460 urbem
780 3394 911 3479 delegit:
944 3396 1020 3461 inde
1049 3397 1173 3461 initium

138 3500 215 3583 fore,
246 3506 281 3564 ut
310 3507 525 3583 transgressus
554 3501 586 3564 in
616 3500 772 3563 Achaiam
800 3500 1003 3583 insignesque
1034 3507 1066 3564 et
1096 3501 1174 3565 anti-

139 3605 243 3686 quitus
266 3623 371 3668 sacras
393 3622 524 3668 coronas
546 3603 680 3687 adeptus
702 3604 820 3668 maiore
836 3603 922 3667 fama
936 3602 1040 3668 studia
1056 3603 1172 3668 civium

138 3709 273 3773 eliceret.
308 3727 383 3790 ergo
409 3713 601 3772 contractum
629 3707 859 3790 oppidanorum
881 3708 1004 3790 vulgae,
1036 3714 1067 3771 et
1095 3727 1174 3789 quos

139 3832 156 3876 e
178 3810 329 3896 proximis
352 3811 481 3875 coloniis
496 3817 528 3875 et
542 3810 720 3894 municipiis
742 3811 809 3875 eius
831 3810 877 3875 rei
899 3810 985 3876 fama
1006 3812 1173 3892 acciverat,

138 3917 255 3999 quique
285 3914 453 3980 Caesarem
478 3935 534 3999 per
563 3915 715 3980 honorem
743 3921 799 3978 aut
823 3916 926 3979 varios
953 3935 1027 3981 usus
1054 3922 1174 3980 sectan-

188 4027 288 4071 annua
302 4026 339 4069 bet
352 4025 449 4069 bacilus.
471 4026 500 4066 11.
522 4024 783 4079 (tagrettcgtnlrtprig.)
1053 4023 1068 4070 9
