2984 4275
460 197 567 252 auc.
581 201 640 254 soa.
665 215 690 267 p.
704 197 767 252 cur.
781 201 823 255 oo.
1120 181 1162 246 93

131 369 259 454 ingeniis
278 371 454 455 adlaturas3
477 391 537 436 nec
552 372 699 453 cuiquam
711 371 809 437 iudici
828 393 927 456 grave
942 392 1035 439 aures
1050 372 1162 438 studiis

131 474 263 539 honestis
298 481 330 540 et
362 476 578 559 voluptatibus
611 476 770 541 concessis
806 477 976 561 impertire.
1022 476 1161 540 laetitiae

130 578 225 661 magis
258 598 355 661 quam
387 579 538 645 lasciuiae
572 579 642 644 dari
674 600 792 664 paucas
825 581 921 646 totius
954 580 1163 663 quinquennii

129 688 240 767 noctes,
266 682 381 766 quibus
395 689 486 747 tanta
508 683 578 749 luce
596 683 719 766 ignium
738 684 818 750 nihil
840 685 994 749 inlicitum
1010 683 1161 748 occultari

128 793 224 867 queat
249 807 329 854 sane
343 787 429 851 nullo
444 785 563 870 insigni
585 786 867 855 dehonestamento
888 788 922 853 id
945 788 1161 873 spectaculum

127 890 253 956 transiit.
294 910 333 955 ac
358 911 399 955 ne
429 890 554 955 modica
580 891 708 973 quidem
737 894 842 958 studia
871 893 973 977 plebis
1003 911 1159 976 exarsere,

126 995 196 1077 quia
216 995 334 1061 redditi
356 1015 548 1079 quamquam
570 1015 704 1062 scaenae
730 996 917 1081 pantomimi
938 995 1161 1062 certaminibus

124 1100 216 1164 sacris
237 1100 497 1184 prohibebantur.
522 1100 720 1182 eloquentiae
742 1101 862 1185 primas
881 1120 975 1165 nemo
997 1100 1080 1183 tulit,
1103 1100 1160 1164 sed
1193 1140 1196 1145 -

123 1202 272 1268 uictorem
301 1223 372 1269 esse
394 1203 561 1269 Caesarem
588 1204 834 1288 pronuntiatum.
873 1204 987 1270 Graeci
1014 1204 1159 1288 amictus,

123 1306 189 1387 quis
225 1327 286 1391 per
326 1327 380 1372 eos
418 1307 487 1372 dies
523 1307 665 1392 plerique
700 1309 912 1390 incesserant,
956 1315 1026 1372 tum
1058 1308 1160 1397 exole-

122 1418 240 1476 verunt.

222 1515 278 1579 22.
300 1514 389 1579 Inter
404 1534 485 1596 quae
508 1515 594 1580 sidus
617 1523 756 1581 cometes
779 1516 906 1598 effulsit,
930 1516 971 1582 de
994 1535 1056 1597 quo
1071 1516 1159 1599 vulgi
1229 1520 1284 1577 bute

122 1617 223 1701 opinio
246 1624 306 1702 est,
329 1625 492 1701 tamquam
515 1620 722 1684 mutationem
748 1620 831 1703 regis
852 1619 1029 1704 portendat.
1065 1619 1160 1702 igitur
1185 1601 1322 1724 ‚2⁰22ssss

122 1722 209 1802 quasi
230 1723 300 1787 iam
322 1721 452 1806 depulso
467 1723 603 1806 Nerone,
628 1725 774 1805 quisnam
793 1725 992 1807 deligeretur,
1016 1724 1159 1806 anquire-
1203 1740 1238 1786 oa
1254 1740 1306 1785 oe-

120 1824 203 1892 bant
245 1834 279 1891 et
302 1826 443 1890 omnium
469 1847 523 1891 ore
549 1828 713 1892 Rubellius
738 1829 870 1894 Plautus
893 1828 1080 1910 celebratur,
1108 1826 1160 1891 cui
1184 1809 1306 1923 ’ὓῆΐῦ

120 1929 268 1995 nobilitas
290 1949 347 2014 per
369 1937 502 1994 matrem
529 1950 569 1995 ex
590 1931 673 1996 Iulia
698 1932 829 1997 familia.
867 1932 934 2018 ipse
956 1931 1074 2016 placita
1095 1951 1159 1994 ma·
1196 1947 1312 1992 sanatas

119 2032 218 2098 iorum
249 2034 383 2117 colebat,
418 2034 528 2098 habitu
562 2055 682 2120 severo,
717 2045 808 2102 casta
838 2043 870 2103 et
898 2043 1020 2102 secreta
1053 2034 1157 2118 domo,
1202 2016 1307 2068 ww&

120 2146 302 2220 quantoque
337 2144 424 2203 metu
457 2139 616 2225 occultior,
652 2148 741 2207 tanto
774 2142 845 2226 plus
877 2140 984 2205 famae
1013 2139 1157 2222 adeptus.

119 2242 206 2306 auxit
232 2261 395 2306 rumorem
421 2244 491 2326 pari
512 2244 655 2310 vanitate
682 2252 752 2312 orta
777 2245 992 2328 interpretatio
1015 2242 1157 2326 fulguris.

118 2365 192 2409 nam
214 2346 293 2428 quia
319 2346 547 2413 discumbentis
569 2348 704 2414 Neronis
731 2350 817 2434 apud
840 2348 1021 2414 Simbruina
1043 2354 1159 2430 stagna

118 2449 149 2512 in
164 2450 253 2531 villa,
278 2449 329 2515 cui
350 2450 566 2532 Sublaqueum
589 2473 704 2519 nomen
728 2461 787 2538 est,
810 2454 893 2517 ictae
915 2451 1014 2535 dapes
1036 2471 1158 2516 mensa·

120 2571 177 2633 que
193 2553 330 2618 disiecta
347 2561 425 2637 erat,
448 2555 544 2636 idque
563 2556 678 2622 finibus
693 2558 860 2622 Tiburtum
881 2556 1050 2638 acciderat,
1073 2555 1158 2620 unde

118 2666 253 2740 patema
274 2658 383 2723 Plauto
403 2658 501 2741 origo,
523 2660 608 2724 huno
630 2660 719 2726 illum
734 2661 865 2726 numine
887 2659 983 2724 deum
1006 2659 1158 2724 destinari

119 2762 302 2846 credebant,
333 2762 549 2845 fovebantque
577 2766 678 2849 multi,
706 2766 821 2847 quibus
846 2784 930 2829 nova
956 2769 987 2827 et
1008 2762 1159 2846 ancipitia

117 2867 299 2949 praecolere
322 2866 418 2932 avida
441 2875 473 2932 et
496 2868 682 2952 plerumque
712 2869 812 2933 fallax
833 2867 965 2933 ambitio
988 2873 1044 2931 est.
1082 2885 1157 2949 ergo

28 2963 30 2988 '
118 2978 281 3053 permotus
307 2971 356 3036 his
382 2972 466 3037 Nero
493 2973 652 3056 componit
684 2971 727 3036 ad
753 2972 901 3036 Plautum
927 2971 1057 3054 litteras,
1088 2989 1157 3034 con·

28 3113 29 3140 r
118 3075 234 3139 suleret
258 3074 356 3156 quieti
378 3076 465 3141 urbis
487 3095 585 3157 seque
611 3096 711 3160 prava
733 3074 974 3139 diffamantibus
996 3072 1157 3138 subtrahe·

117 3185 177 3242 ret:
208 3198 280 3244 esse
307 3180 352 3243 illi
374 3199 432 3264 per
453 3180 563 3244 Asiam
585 3181 687 3246 avitos
709 3199 811 3263 agros,
839 3178 1009 3260 inquibus
1036 3184 1104 3241 tuta
1126 3183 1159 3242 et

28 3269 29 3302 ³
118 3279 281 3347 inturbida
303 3284 433 3348 iuventa
455 3283 620 3349 frueretur.
658 3284 704 3348 ita
726 3284 799 3348 illuc
822 3302 895 3346 cum
916 3282 1048 3363 coniuge
1070 3280 1157 3345 Anti-

118 3385 177 3449 stia
200 3393 234 3451 et
255 3388 365 3470 paucis
388 3386 590 3452 familiarium
613 3387 777 3453 concessit.

129 3553 132 3568 ,
220 3489 329 3555 Isdem
361 3490 473 3556 diebus
510 3493 607 3558 nimia
644 3493 738 3557 luxus
776 3490 889 3574 cupido
913 3480 1090 3553 'infamiam
1123 3494 1155 3552 et
1187 3502 1259 3547 saco
1273 3501 1320 3547 sco

118 3594 290 3675 periculum
317 3595 436 3660 Neroni
461 3597 543 3680 tulit,
572 3598 647 3679 quia
674 3597 797 3662 fontem
823 3613 927 3676 aquae
954 3592 1090 3657 Marciae
1112 3593 1155 3656 ad
1181 3641 1218 3685 w
1231 3571 1321 3692 ἔψη,

117 3698 228 3762 urbem
258 3697 415 3764 deductae
446 3701 554 3766 nando
583 3702 768 3784 incesserat,
803 3699 1033 3777 videbaturque
1062 3702 1155 3780 potus
1203 3711 1296 3761 testona.

118 3818 223 3867 sacros
242 3810 275 3867 et
289 3804 513 3869 caerimoniam
535 3806 596 3870 loci
616 3825 744 3890 corpore
766 3805 831 3868 loto
853 3800 1011 3887 polluisse.
1035 3806 1155 3864 secuta-

118 3921 178 3983 que
200 3925 318 3991 anceps
340 3908 488 3974 valetudo
510 3910 590 3973 iram
612 3909 707 3975 deum
729 3904 919 3973 adfirmavit.
