2984 4275
487 187 512 225 a
525 170 558 226 U.
572 186 595 224 c.
610 171 669 227 814.
694 185 720 237 p.
733 167 797 223 Chr.
810 171 852 224 61.
1126 149 1187 214 101

148 365 239 412 suam
263 343 468 409 fraudaverat
490 343 709 424 abnueratque
725 347 835 407 contra
849 341 945 405 ritum
959 340 1091 404 militiae
1105 341 1191 404 iussa

149 450 248 533 ducis,
272 467 305 513 se
327 448 396 532 ipse
418 447 524 530 gladio
546 446 708 530 transegit.

254 550 306 616 38.
332 551 520 618 Contractus
542 549 659 615 deinde
675 548 780 615 omnis
797 548 954 613 exercitus
976 548 1033 612 sub
1057 547 1192 630 pellibus
1220 560 1361 613 acaorccc

150 656 280 721 habitus
295 663 344 720 est
365 653 409 719 ad
430 654 552 736 reliqua
573 653 649 718 belli
671 650 895 737 perpetranda.
918 651 1070 732 auxitque
1085 651 1192 734 copias
1217 629 1368 753 'mm

151 760 270 826 Caesar
285 759 389 824 missis
403 779 443 824 ex
459 758 631 824 Germania
645 755 769 822 duobus
789 754 1033 837 legionariorum
1054 753 1191 838 milibus,
1240 768 1338 822 curten

149 871 221 929 octo
250 863 452 928 auxiliarium
478 861 659 927 cohortibus
685 881 723 926 uc
751 859 840 924 mille
863 858 1031 941 equitibus,
1060 876 1193 939 quorum
1228 836 1351 952 ΜΨ

151 968 294 1033 adventu
317 966 437 1031 nonani
458 966 631 1048 legionario
654 964 754 1028 mihte
777 963 915 1048 suppleti
937 969 1019 1029 sunt.
1050 962 1193 1027 cohortes
1215 975 1367 1029 ualidum·

150 1072 286 1153 alaeque
315 1070 407 1135 novis
436 1069 648 1135 hibernaculis
682 1069 814 1151 locatae,
848 1068 995 1150 quodque
1018 1070 1022 1146 g
1029 1066 1193 1132 nationum

152 1175 342 1257 ambiguum
356 1180 412 1239 aut
426 1174 597 1239 adversum
611 1172 725 1255 fuerat,
749 1171 816 1255 igni
836 1179 930 1256 atque
945 1171 1028 1237 ferro
1044 1177 1193 1236 vastahn.

152 1278 212 1344 sed
235 1277 315 1343 nihil
337 1297 438 1361 aeque
453 1296 551 1359 quam
564 1276 667 1341 fames
690 1274 865 1359 adfligebat
887 1275 1029 1342 serendis
1051 1274 1195 1358 frugibus

151 1382 328 1447 incuriosos
352 1388 385 1445 et
407 1380 495 1445 omni
516 1387 622 1446 aetate
644 1379 688 1444 ad
708 1380 828 1446 bellum
846 1400 949 1463 versa,
973 1379 1050 1443 dum
1073 1385 1195 1444 nostros

153 1492 351 1551 commeatus
372 1484 433 1550 sibi
455 1484 626 1549 destinant.
659 1490 835 1566 gentesque
857 1483 1055 1568 praeferoces
1076 1482 1196 1547 tardius

152 1589 198 1654 ad
220 1609 332 1673 pacem
354 1588 560 1669 inclinabant,
583 1587 658 1670 quia
679 1588 778 1653 Iulius
793 1586 1011 1671 classicianus,
1035 1606 1196 1652 successor

151 1693 233 1759 Cato
257 1694 369 1757 missus
391 1700 424 1757 et
438 1691 587 1757 Suetonio
603 1691 730 1776 discors,
754 1692 873 1756 bonum
887 1691 1049 1776 publicum
1065 1690 1195 1773 privatis

154 1795 369 1862 simultatibus
398 1794 594 1879 impediebat
624 1794 878 1879 disperseratque
907 1815 1024 1860 novum
1054 1795 1196 1876 legatum

153 1897 386 1984 opperiendum
419 1918 489 1965 esse
520 1899 588 1963 sine
620 1898 725 1964 hostih
755 1899 803 1962 ira
832 1905 864 1964 et
893 1898 1041 1983 superbia
1067 1897 1196 1962 victoris

152 2004 329 2069 elementer
351 2002 466 2069 deditis
481 2004 704 2069 consulturum.
727 2003 821 2069 simul
835 2003 870 2067 in
885 2003 996 2068 urbem
1011 2001 1195 2083 mandabat,

152 2108 278 2173 nullum
301 2107 489 2192 proeliorum
511 2107 608 2176 finem
632 2113 863 2193 exspectarent,
894 2106 956 2172 nisi
978 2105 1196 2172 succederetur

155 2210 318 2294 Suetonio,
341 2211 430 2277 cuius
444 2212 581 2278 adversa
602 2213 753 2299 pravitati
775 2211 884 2296 ipsius,
907 2230 1059 2295 prospera
1080 2210 1123 2274 ad
1137 2209 1195 2274 for-

154 2322 268 2380 tunam
290 2314 457 2381 referebat.

261 2418 312 2484 39.
336 2420 400 2501 Igit
400 2440 437 2484 ur
387 2420 494 2484 tad
508 2421 716 2504 spectandum
738 2419 921 2485 Britanniae
944 2425 1061 2483 statum
1082 2417 1194 2482 missus
1256 2429 1327 2474 aaa

155 2529 204 2588 est
191 2522 376 2587 telibertis
397 2524 581 2608 Polychtus,
605 2544 722 2606 magna
744 2524 879 2590 Neronis
901 2543 958 2608 spe
977 2542 1070 2608 posse
1089 2528 1194 2586 aucto·
1230 2499 1351 2623 ”wi

153 2626 194 2691 rit
182 2633 249 2691 atte
272 2625 339 2691 eius
361 2646 424 2691 non
440 2626 534 2693 modo
549 2627 630 2692 mter
642 2628 783 2711 legatum
805 2634 1099 2713 procuratoremque
1122 2646 1193 2691 oon·
1223 2638 1356 2692 battuta

156 2729 297 2794 cordiam
319 2730 418 2812 gigni,
442 2730 500 2795 sed
526 2737 559 2795 et
546 2732 714 2797 trebelles
739 2732 945 2797 barbarorum
969 2732 1092 2797 animos
1114 2750 1193 2815 paee
1217 2708 1368 2830 gffi'„

156 2833 301 2917 conponi.
325 2854 385 2898 neo
400 2834 698 2919 defuitPolyclitus,
721 2836 903 2917 quominus
924 2834 1045 2918 ingenti
1067 2833 1194 2917 agmine
1233 2847 1360 2899 scotusc

157 2937 271 3003 Itahae
294 2937 481 3020 Galliaeque
503 2939 620 3022 gravis,
643 2946 811 3023 postquam
833 2939 996 3005 Oceanum
1018 2939 1196 3004 transmise·
1227 2915 1358 3032 affin,

157 3040 391 3125 rat,militibus
412 3061 538 3123 quoque
560 3044 674 3108 nostris
696 3042 844 3109 terribilis
865 3042 1037 3108 incederet.
1065 3042 1123 3108 sed
1144 3041 1197 3106 ho·

157 3145 290 3212 stibus
282 3145 391 3210 inrisui
413 3146 473 3210 fuit
460 3146 596 3230 t,apud
618 3166 697 3227 quos
718 3146 875 3230 flagrante
898 3146 1085 3212 etiamtum
1107 3145 1198 3211 liher-

161 3255 228 3314 tate
255 3248 398 3313 nondum
425 3249 553 3332 cognita
581 3250 798 3315 libertinorum
824 3250 968 3334 potentia
994 3256 1074 3334 erat,
1106 3249 1198 3312 mira·

158 3352 348 3433 banturque,
378 3353 463 3434 quod
490 3352 555 3418 dux
582 3360 614 3419 et
641 3354 761 3419 exercit
761 3374 799 3419 us
826 3354 908 3419 tanti
883 3353 1011 3418 tbelli
1025 3352 1199 3454 :equfeetor
1332 3403 1357 3420 ..

158 3457 255 3521 servit
256 3455 294 3520 iis
324 3456 517 3522 oboedirent.
562 3465 677 3522 cuneta
706 3464 817 3523 tamen
847 3457 889 3521 ad
918 3433 1138 3556 imperatorem
1144 3435 1205 3521 ‘fn

158 3559 283 3625 mollius
313 3561 428 3645 relata,
463 3560 674 3641 detentusque
707 3561 804 3626 rebus
837 3547 1004 3656 gerundis
1006 3558 1190 3631 ductarius

159 3662 244 3744 quod
269 3670 381 3747 postea
408 3683 526 3747 paucas
553 3684 653 3729 naves
679 3664 712 3728 in
739 3665 829 3729 litore
856 3639 1095 3744 remigiumque·
1105 3637 1189 3726 fri
1160 3611 1256 3727 rrs³³

159 3768 318 3850 amiserat,
347 3774 513 3849 tamquam
535 3769 670 3833 durante
692 3768 776 3833 bello
799 3767 924 3832 tradere
947 3765 1120 3830 exercitum
1143 3766 1198 3831 Pe·

158 3871 260 3936 tronio
282 3870 476 3955 Turpiliano,
501 3872 555 3953 qui
576 3871 641 3935 iam
663 3871 830 3936 consulatu
850 3870 983 3953 abierat,
1007 3868 1179 3935 iubetur.
1170 3889 1198 3933 rs
