2984 4275
143 345 225 392 ecreto

104 415 262 472 uirtutttbitt

133 487 230 542 tettsbt.

105 1995 259 2042 blottotstsn·

135 2067 233 2120 nument

109 2136 133 2181 in
146 2134 255 2190 minate.

121 2207 246 2261 &bibitura

103 2279 139 2322 ost
146 2278 217 2331 utone
226 2276 261 2323 tet

122 2348 239 2401 miletum.

156 3247 209 3303 bila

117 3327 248 3382 borretum.

281 137 342 201 136
508 151 558 206 Ab
577 166 694 206 excessu
710 150 744 204 D.
758 150 884 220 Augusti
902 150 1087 207 xvia—49.

279 325 397 392 liberae
419 333 581 392 vocantur.
618 327 714 408 inque
737 344 808 391 eam
831 325 985 409 praedam
1011 324 1109 390 etiam
1130 323 1164 389 di
1186 343 1318 407 cessere,

278 431 419 514 spoliatis
440 430 474 495 in
489 432 568 496 urbe
589 431 715 515 templis
738 437 908 514 egestoque
923 449 1010 514 auro,
1033 429 1118 511 quod
1140 428 1317 512 triumphis,

279 534 362 617 quod
385 535 467 600 votis
494 536 600 600 omnis⁴
625 535 732 619 populi
755 534 891 599 Romani
917 540 1007 599 aetas
1033 551 1181 618 prospere
1207 533 1320 598 autin

279 645 364 704 metu
392 646 582 705 sacraverat.
628 639 789 704 enimvero
819 658 876 722 per
901 638 1012 703 Asiam
1040 644 1137 719 atque
1163 637 1320 701 Achaiam

277 762 341 806 non
365 743 450 809 dona
472 748 604 826 tautum,
628 741 685 807 sed
707 742 874 807 simulacra
891 741 1057 807 numinum
1072 741 1320 826 abripiebantur,

279 846 381 912 missis
412 846 446 911 in
475 867 530 912 eas
559 848 738 931 provincias
760 846 876 910 Aerato
905 865 944 910 ao
973 844 1119 910 Secundo
1146 845 1319 910 Carrinate.

277 950 331 1017 ille
368 951 497 1016 libertus
531 951 716 1033 euieumque
746 949 866 1033 flagitio
896 956 1074 1035 promptus,
1112 948 1164 1014 hie
1197 948 1321 1016 Graeca

277 1055 420 1121 doctrina
447 1075 500 1121 ore
522 1063 615 1121 tenus
642 1057 799 1121 exereitus
828 1055 971 1121 animum
997 1053 1088 1120 bonis
1110 1054 1231 1119 arbbus
1253 1075 1320 1120 non

276 1160 433 1224 inbuerat.
480 1158 642 1225 ferebatur
671 1159 803 1245 Seneca,
838 1179 901 1242 quo
930 1158 1083 1224 invidiam
1114 1159 1269 1241 sacrilegii
1298 1179 1321 1222 a

277 1271 377 1328 semet
407 1269 573 1347 averteret,
611 1264 777 1347 longinqui
806 1265 887 1329 ruris
916 1282 1076 1329 seoessum
1107 1263 1255 1346 oravisse,
1288 1269 1322 1327 et

277 1374 446 1451 postquam
461 1388 523 1432 non
541 1367 783 1451 eonoedebatur,
806 1366 882 1433 fieta
902 1367 1095 1449 valetudine,
1118 1367 1208 1448 quasi
1224 1386 1322 1449 aeger

276 1471 389 1554 nervis,
414 1471 593 1537 enbioulum
616 1492 681 1537 nou
704 1491 859 1555 egressus.
892 1470 1050 1537 tradidere
1074 1471 1204 1552 quidam
1226 1490 1319 1536 vene·

275 1594 354 1639 num
370 1574 399 1639 ei
414 1594 471 1659 per
484 1576 634 1641 libertum
648 1575 756 1660 ipsius,
774 1576 824 1640 oui
841 1596 957 1640 nomen
974 1575 1149 1660 Cleonicus,
1174 1582 1320 1658 paratum

275 1680 362 1744 iussu
384 1680 521 1745 Neronis
535 1680 730 1762 vitatumque
753 1700 773 1744 a
796 1679 917 1745 Seneca
938 1679 1114 1764 proditione
1140 1678 1243 1744 liberti
1263 1698 1323 1744 seu

276 1782 406 1867 propria
419 1782 596 1869 formidine,
613 1783 688 1849 dum
703 1803 760 1868 per
774 1784 948 1868 simplioem
961 1785 1080 1848 vietum
1094 1791 1126 1848 et
1140 1783 1319 1866 agrestibus

276 1888 387 1971 pomis,
404 1907 443 1952 ao
458 1888 485 1953 si
500 1888 567 1953 sitis
584 1888 778 1970 admoneret,
797 1887 971 1973 profluente
986 1906 1069 1969 aqua
1085 1887 1185 1952 vitam
1196 1888 1318 1952 tolerat.

381 1991 433 2057 46.
472 1993 534 2057 Per
560 1991 645 2058 idem
675 1998 802 2077 tempus
831 1993 1023 2076 gladiatores
1052 1990 1138 2076 apud
1167 1990 1320 2075 oppidum

279 2096 449 2162 Praeneste
463 2102 619 2182 temptata
635 2098 799 2181 eruptione
821 2096 977 2183 praesidio
997 2096 1113 2181 militis,
1138 2097 1193 2180 qui
1214 2101 1320 2162 eustos

278 2200 414 2283 adesset,
439 2202 564 2266 coerciti
586 2208 667 2284 sunt,
691 2202 756 2267 iam
779 2201 966 2286 Spartanum
990 2209 1023 2266 et
1036 2207 1146 2266 vetera
1168 2201 1253 2264 mala
1271 2220 1320 2265 ru·

278 2305 417 2372 moribus
444 2305 564 2371 ferente
590 2305 715 2391 populo,
747 2312 782 2370 ut
810 2312 859 2371 est
881 2325 1034 2371 novarum
1060 2325 1166 2370 rerum
1189 2304 1320 2389 oupiens

278 2409 484 2493 pavidusque.
516 2429 576 2475 nee
599 2411 697 2476 multo
723 2416 793 2493 post
815 2410 922 2475 elades
944 2410 989 2474 rei
1011 2409 1134 2474 navalis
1157 2409 1318 2493 aoeipitur,

278 2534 342 2578 non
357 2514 441 2580 bello
463 2513 593 2601 (quippe
608 2513 695 2579 haud
710 2515 790 2580 alias
801 2520 866 2578 tam
881 2513 1002 2578 inmota
1015 2516 1103 2597 pax),
1123 2513 1181 2578 sed
1198 2520 1320 2578 eertum

277 2616 321 2681 ad
352 2617 438 2684 diem
466 2619 500 2684 in
529 2618 736 2702 Campaniam
766 2619 868 2684 redire
899 2619 1033 2683 olassem
1061 2618 1147 2683 Nero
1175 2618 1319 2698 iusserat,

278 2741 342 2786 uon
366 2722 508 2806 exeeptis
531 2723 625 2788 maris
647 2722 781 2788 oasibus.
820 2742 895 2806 ergo
917 2721 1151 2805 gubernatores,
1176 2721 1320 2804 quamvis

279 2827 440 2892 saeviente
456 2827 579 2911 pelago,
603 2848 623 2892 a
638 2827 772 2893 Formiis
788 2846 930 2911 movere;
955 2833 987 2892 et
1002 2825 1093 2910 gravi
1104 2826 1220 2910 Afrioo,
1244 2825 1319 2890 dum

278 2932 530 3014 promunturium
552 2931 664 2997 Miseni
686 2950 837 3015 superare
853 2931 1056 3014 contendunt,
1079 2929 1231 2995 Cumanis
1253 2929 1320 2994 lito-

278 3035 365 3100 ribus
387 3035 506 3119 inpaoti
527 3036 700 3101 triremium
723 3036 889 3119 plerasque
910 3041 941 3100 et
957 3034 1077 3101 minora
1099 3035 1228 3118 navigia
1249 3052 1319 3118 pas-

279 3140 338 3204 sim
364 3139 546 3205 amiserunt.

384 3243 437 3309 47.
461 3244 540 3309 Fine
555 3244 632 3308 anni
647 3245 819 3328 vulgantur
837 3243 989 3329 prodigia,
1013 3242 1234 3308 inminentium
1257 3261 1320 3305 ma-

279 3348 380 3413 lorum
403 3348 524 3413 nuntia.
556 3349 604 3414 vis
626 3348 788 3431 fulgurum
810 3368 874 3413 non
897 3349 979 3413 alias
1001 3348 1147 3430 erebrior,
1179 3352 1211 3411 et
1233 3344 1319 3410 sidus

280 3458 427 3536 oometes,
456 3454 611 3535 sanguiue
633 3453 757 3517 inlustri
779 3472 903 3537 semper
924 3452 1045 3517 Neroni
1067 3451 1238 3535 expiatum.
1276 3448 1320 3513 bi·

279 3556 390 3639 eipites
417 3555 581 3621 hominum
608 3557 782 3622 aliorumve
805 3557 989 3622 animalium
1017 3563 1126 3641 partus
1148 3554 1265 3619 abieoti
1286 3554 1320 3616 in

279 3660 440 3744 publioum
467 3667 522 3725 aut
549 3661 582 3725 in
609 3661 778 3746 sacrifieiis,
812 3660 925 3743 quibus
954 3660 1103 3744 gravidas
1130 3658 1250 3723 hostias
1276 3656 1320 3721 in-

279 3765 397 3829 molare
428 3785 496 3830 mos
527 3772 583 3848 est,
614 3767 739 3849 reperti.
786 3772 818 3830 et
847 3765 881 3829 in
911 3784 988 3848 agro
1021 3764 1206 3848 Plaoentino
1235 3761 1319 3826 riam

278 3873 405 3950 propter
426 3874 520 3933 natus
542 3869 669 3952 vitulus
701 3868 752 3933 oui
774 3875 870 3953 eaput
895 3870 929 3933 in
953 3889 1042 3934 orure
1065 3873 1165 3951 esset,
1197 3871 1316 3931 seeuta·
