2984 4275
469 228 494 267 a.
507 212 540 268 U.
553 227 575 267 o.
589 216 648 269 815.
672 227 700 281 p.
712 210 776 267 Chr.
789 216 832 269 62.
1108 196 1168 260 117

130 383 298 469 obsidium,
322 392 408 451 tutus
431 406 528 451 mauu
550 393 583 452 et
605 387 703 472 copiis
724 388 888 472 ligranes,
908 388 1018 472 fugati,
1042 388 1096 468 qui
1117 407 1170 452 ex·

130 490 358 575 pugnationem
381 498 590 575 sumpserant,
622 492 736 556 missae
757 492 792 556 in
814 491 997 556 Armeniam
1018 491 1168 573 legiones,

130 601 162 658 et
177 594 261 657 aliae
276 613 333 677 pro
348 592 440 658 Suria
455 601 585 678 paratae
602 595 682 659 ultro
697 596 890 679 inrumpere3
914 595 973 660 sibi
988 594 1170 660 inbecillum

131 697 271 779 equitem
293 697 402 781 pabuli
425 697 546 782 inopia:
573 719 647 763 nam
669 706 780 763 exorta
802 700 850 763 vis
869 699 1061 763 locustarum
1083 699 1169 763 amb·

131 801 250 882 ederat,
276 798 428 883 quidquid
455 800 623 867 herbidum
652 808 707 867 aut
735 801 929 869 frondosum.
966 803 1062 884 igitur
1084 809 1170 867 metu

128 905 278 970 abstruso
309 904 434 971 mitiora
462 905 646 988 obtendens,
678 907 848 971 missurum
877 903 919 970 ad
948 907 1171 990 imperatorem

129 1008 310 1073 Romanum
339 1009 460 1092 legatos
489 1028 583 1093 super
609 1009 747 1093 petenda
770 1010 922 1075 Armenia
951 1018 984 1074 et
1012 1008 1170 1074 firmanda

129 1131 209 1197 paee
232 1113 412 1196 respondet.
434 1113 605 1179 Monaesen
627 1115 772 1179 omittere
792 1114 1051 1197 Tigranocertam
1073 1114 1169 1197 iubet,

128 1217 197 1301 ipse
219 1223 304 1281 retro
327 1216 480 1282 concedit.

236 1320 266 1386 6.
300 1320 389 1386 Haec
419 1322 524 1405 plures
554 1329 588 1387 ut
614 1321 782 1388 formidine
811 1324 896 1405 regis
925 1330 958 1388 et
983 1322 1169 1388 Corbulonis
1205 1335 1326 1392 odacar

131 1425 224 1490 minis
246 1430 373 1509 patrata
398 1445 438 1490 ac
460 1425 630 1508 magnilica
657 1427 867 1492 extollebant:
894 1427 949 1491 alii
974 1428 1095 1492 occulte
1117 1447 1169 1510 pe·
1200 1407 1331 1523 affl„

130 1529 248 1612 pigisse
281 1530 580 1615 interpretabantur,
614 1537 651 1596 ut
683 1532 799 1596 omisso
832 1532 990 1613 utrimque
1021 1531 1104 1596 bello
1139 1536 1171 1596 et
1219 1545 1253 1592 so
1266 1547 1318 1592 aa·

132 1635 271 1700 abeunte
292 1634 449 1717 Vologese
472 1635 626 1717 Tigranes
649 1655 775 1718 quoque
797 1636 949 1700 Armenia
975 1635 1169 1701 abscederet.
1199 1616 1336 1731 &22¹ss

132 1757 186 1802 our
200 1739 288 1803 enim
304 1739 476 1805 exereitum
495 1740 674 1804 Romanum
694 1760 714 1803 a
730 1740 963 1823 Tigranocertis
977 1738 1171 1804 deductum?

132 1861 186 1906 cur
201 1841 329 1907 deserta
351 1862 408 1926 per
422 1843 521 1909 otium
537 1864 619 1926 quae
640 1844 725 1909 bello
747 1843 979 1909 defenderant?
1002 1864 1044 1907 an
1060 1843 1173 1907 melius

131 1945 351 2011 hibernavisse
376 1947 410 2012 in
437 1953 580 2012 extrema
606 1947 818 2032 Cappadocia,
846 1948 962 2032 raptim
989 1947 1101 2012 erectis
1127 1953 1172 2012 tu-

131 2049 239 2133 guriis,
263 2069 360 2131 quam
380 2052 415 2115 in
438 2050 513 2116 sede
534 2051 626 2134 regni
649 2051 743 2115 modo
766 2050 903 2116 retenti?
926 2050 1024 2116 dilata
1046 2069 1173 2134 prorsus

131 2174 230 2239 arma,
263 2160 298 2220 ut
321 2154 494 2238 Vologeses
517 2176 590 2220 eum
612 2156 674 2221 alio
698 2175 794 2239 quam
816 2175 888 2221 oum
911 2155 1086 2220 Corbulone
1109 2174 1172 2220 oer-

132 2265 224 2344 taret,
252 2258 387 2324 Corbulo
414 2261 545 2324 meritae
571 2266 618 2325 tot
644 2280 701 2345 per
727 2279 829 2324 annos
855 2260 974 2343 gloriae
999 2278 1064 2322 non
1090 2258 1173 2323 ultra

132 2363 308 2447 perieulum
330 2363 457 2429 faceret.
480 2385 565 2448 nam,
588 2371 622 2429 ut
637 2366 753 2449 rettuli,
777 2365 936 2448 proprium
959 2363 1072 2427 ducem
1086 2368 1173 2427 tuen·

132 2468 193 2533 dae
204 2467 378 2532 Armeniae
393 2476 588 2553 poposcerat,
613 2475 645 2534 et
659 2468 834 2534 adventare
848 2468 1041 2533 Caesennius
1057 2467 1173 2532 Paetus

18 2635 23 2650 ,,
131 2571 341 2637 audiebatur..
370 2571 498 2653 iamque
520 2572 640 2655 aderat,
670 2573 769 2657 copiis
789 2574 835 2637 ita
858 2571 976 2656 divisis,
1004 2577 1039 2635 ut
1061 2576 1174 2653 quarta

133 2683 164 2741 et
179 2675 370 2741 duodecima
385 2676 525 2759 legiones
539 2676 650 2743 addita
666 2677 785 2762 quinta,
802 2696 884 2759 quae
899 2696 1010 2741 recens
1025 2695 1043 2740 e
1058 2674 1174 2741 Moesis

132 2780 237 2844 excita
260 2786 338 2861 erat,
362 2780 456 2844 simul
478 2782 610 2846 Pontica
632 2787 664 2846 et
687 2780 874 2846 Galatarum
889 2779 1174 2864 Cappadocumque

132 2885 252 2949 auxilia
277 2884 376 2948 Paeto
403 2884 596 2967 oboedirent,
623 2885 717 2949 tertia
745 2891 778 2950 et
805 2891 897 2949 sexta
924 2890 956 2949 et
978 2884 1112 2948 decuma
1133 2883 1174 2947 le·

132 2989 244 3071 giones
267 2987 412 3071 priorque
427 2987 537 3054 Suriae
554 2989 643 3054 miles
665 2989 752 3074 apud
767 2988 978 3054 Corbulonem
993 2993 1172 3071 manerent;

133 3098 239 3158 cetera
261 3112 303 3157 ex
324 3111 430 3157 rerum
452 3112 512 3157 usu
535 3094 691 3158 sociarent
713 3092 954 3178 partirenturre.
990 3092 1047 3156 sed
1069 3110 1173 3173 neque

132 3195 269 3262 Corbulo
292 3196 409 3262 aemuli
432 3197 566 3281 patiens,
594 3203 626 3261 et
647 3197 774 3280 Paetus,
802 3196 853 3260 cui
874 3196 950 3261 satis
976 3194 1019 3259 ad
1041 3195 1173 3277 gloriam

133 3306 209 3382 erat,
235 3298 262 3363 si
284 3300 446 3382 proximus
460 3299 640 3384 haberetur,
664 3299 860 3384 despiciebat
881 3305 981 3382 gesta,
1004 3298 1084 3361 nihil
1106 3317 1174 3362 cao·

132 3403 253 3468 disant
268 3404 416 3487 praedae,
440 3412 607 3489 usurpatas
622 3404 750 3469 nomine
767 3410 859 3469 tenus
874 3403 999 3468 urbium
1014 3421 1173 3485 expugna-

133 3509 234 3573 tiones
258 3506 421 3573 diotitans:
449 3528 483 3574 se
505 3509 624 3573 tributa
645 3529 684 3574 ao
707 3509 796 3591 leges
824 3515 855 3572 et
877 3528 934 3592 pro
956 3506 1068 3570 umbra
1090 3504 1173 3588 regis

132 3611 313 3675 Romanum
333 3611 383 3676 ius
405 3611 494 3678 victis
515 3612 732 3697 inpositurum.

139 3783 141 3788 ,
238 3715 268 3779 l.
292 3712 358 3780 Sub
380 3714 466 3780 idem
488 3722 613 3801 tempus
627 3715 725 3799 legati
736 3715 910 3799 Vologesis,
934 3732 1012 3795 quos
1034 3713 1074 3777 ad
1090 3712 1172 3797 prin·
1218 3671 1320 3792 wa

135 3818 237 3903 oipem
260 3818 372 3884 missos
394 3822 575 3904 memoravi,
602 3827 760 3885 revertere
783 3819 878 3901 inriti,
900 3818 1082 3899 bellumque
1105 3837 1172 3901 pro·
1193 3813 1231 3854 Μ’
1245 3808 1345 3862 mm·

135 3923 240 4005 palam
268 3929 429 4007 sumptum
457 3944 477 3988 a
498 3923 632 3989 Parthis.
671 3943 731 3987 nec
754 3924 871 3988 Paetus
893 3921 1091 4003 detrectavit,
1115 3918 1173 3985 sed
1203 3876 1335 4002 mgb:
