2984 4275
319 179 362 245 50
453 194 503 248 Aa
522 209 637 249 excessu
653 192 688 250 n.
702 191 827 261 Augusti
845 191 903 245 xrs
921 194 1039 260 ‹su-ea
1057 190 1129 244 xrn
1150 193 1225 246 1-2.

163 385 219 431 aaa
232 386 288 430 so.
425 370 476 433 67.
499 368 652 449 Adeoque
674 374 789 431 cuncta
812 386 885 431 mox
908 373 1105 450 pernotuere,
1129 372 1164 429 ut
1183 372 1361 449 temporum

319 474 444 538 illorum
477 472 642 556 scriptores
675 469 871 555 prodiderint
904 469 1043 533 intusum
1078 468 1257 534 delectabili
1291 470 1361 535 cibo

320 577 424 642 boleto
440 596 608 657 venenum,
632 594 693 639 nee
708 575 775 638 vim
790 573 1012 639 medicaminis
1027 573 1133 637 statim
1155 573 1361 658 intellectam,

319 680 503 746 socordiane
526 700 568 743 an
583 678 707 744 Claudii
722 677 911 760 vinolentia,
936 677 1030 742 simul
1052 678 1155 743 soluta
1177 678 1269 742 alvus
1291 678 1361 743 sub·

319 785 443 850 venisse
466 783 642 848 videbatur.
680 782 777 865 igitur
799 781 947 847 exterrita
970 781 1157 864 Agrippina,
1180 789 1212 846 et
1234 781 1362 863 quando

318 888 430 953 ultima
451 887 653 968 timebantur,
678 894 785 970 spreta
807 885 1022 969 praesentium
1044 884 1173 969 invidia,
1201 885 1362 969 provisam

318 993 383 1056 iam
407 991 468 1055 sibi
494 990 717 1074 Xenophontis
743 989 857 1054 medici
880 989 1105 1053 conscientiam
1132 988 1273 1054 adhibet.
1307 989 1362 1054 ille

319 1103 482 1176 tamquam
523 1095 610 1159 nisus
648 1094 824 1158 evomentis
859 1092 1039 1176 adiuvaret,
1081 1092 1213 1177 pinnam
1250 1093 1362 1177 rapido

319 1218 444 1263 veneno
472 1198 595 1261 inlitam
625 1196 770 1261 faucibus
801 1196 868 1261 eius
898 1196 1062 1261 demisisse
1093 1196 1239 1280 creditur,
1274 1197 1362 1262 haud

320 1304 450 1383 ignarus
473 1320 596 1365 summa
619 1300 738 1364 scelera
760 1299 857 1383 incipi
884 1320 957 1364 curn
980 1300 1128 1383 periculo,
1156 1301 1268 1384 peragi
1290 1295 1362 1365 curn

319 1405 470 1488 praemio.
1186 1473 1190 1479 ,

199 1524 253 1568 ants
426 1507 477 1571 68.
511 1508 689 1572 Vocabatur
709 1507 836 1571 interim
858 1515 987 1572 senatus
1009 1514 1146 1589 votaque
1168 1528 1225 1591 pro
1246 1508 1363 1573 incolu-
1469 1499 1470 1570 ³

160 1594 295 1716 :Jissssffffssn
322 1611 431 1676 mirate
453 1611 604 1695 principis
617 1612 765 1676 consules
780 1618 812 1675 et
827 1611 1006 1676 sacerdotes
1027 1612 1266 1695 nuncupabant,
1289 1634 1363 1678 curn

168 1734 204 1776 aa
218 1731 283 1776 sero.
321 1716 384 1779 iarn
408 1715 564 1780 exanimis
578 1714 720 1779 vestibus
742 1721 774 1779 et
788 1714 937 1794 fomentis
959 1715 1169 1797 obtegeretur,
1187 1714 1263 1779 dum
1280 1736 1363 1799 quae

320 1839 370 1883 res
393 1819 497 1884 forent
520 1818 675 1883 firmando
705 1820 840 1884 Neronis
862 1818 995 1903 imperio
1018 1826 1258 1902 componuntur.
1296 1820 1363 1885 iarn

320 1924 456 2007 primum
467 1922 653 2007 Agrippina,
666 1924 756 1988 velut
771 1922 878 1987 dolore
890 1924 975 1987 victa
990 1930 1022 1987 et
1034 1923 1152 1987 solacia
1163 1923 1361 2008 conquirens

320 2033 429 2091 tenere
451 2028 600 2110 amplexu
622 2026 851 2109 Britannicum,
874 2046 984 2091 veram
1007 2026 1130 2109 paterni
1146 2027 1207 2091 oris
1222 2026 1363 2108 effigiem

320 2131 480 2215 appellare
495 2151 534 2195 ac
548 2130 645 2196 variis
667 2130 789 2197 artibus
812 2129 978 2215 demorari,
1001 2151 1043 2194 ne
1066 2130 1210 2196 cubiculo
1233 2130 1363 2213 egrede-

319 2243 414 2301 retur.
437 2236 610 2301 Antoniam
625 2255 749 2317 quoque
764 2241 796 2299 et
811 2233 977 2300 Octaviam
1000 2254 1121 2300 sorores
1141 2235 1208 2298 eius
1223 2234 1361 2319 attinuit,

321 2344 352 2402 et
372 2344 500 2404 cunctos
522 2337 628 2403 aditus
650 2337 801 2403 custodiis
823 2339 990 2418 clauserat,
1014 2337 1186 2419 crebroque
1209 2337 1363 2420 vulgabat

319 2442 365 2506 ire
387 2443 420 2505 in
444 2442 555 2506 melius
577 2441 793 2506 valetudinem
819 2441 980 2525 principis,
1007 2460 1068 2522 quo
1096 2440 1188 2505 miles
1215 2440 1302 2505 bona
1328 2442 1362 2506 in

320 2565 376 2629 spe
391 2552 503 2628 ageret
518 2552 706 2642 tempusque
729 2565 916 2629 prosperum
931 2565 973 2610 ex
989 2545 1115 2609 monitis
1130 2545 1362 2610 Chaldaeorum

321 2648 517 2714 adventaret.

189 2768 264 2846 seusu
421 2752 477 2816 169.
512 2753 602 2817 Tunc
630 2752 734 2818 medio
762 2751 825 2817 diei
851 2753 979 2817 tertium
1005 2759 1080 2817 ante
1108 2753 1184 2817 ldus
1207 2752 1363 2835 Octobris,

154 2837 302 2950 fflffiff'
321 2856 441 2920 toribus
470 2855 579 2939 palatii
610 2863 742 2940 repente
770 2856 916 2938 diductis,
948 2856 1118 2920 comitante
1148 2857 1248 2921 Burro
1278 2857 1364 2921 Nero

321 2958 483 3041 egreditur
503 2958 546 3023 ad
568 2959 735 3040 eohortem,
759 2979 842 3041 quae
857 2979 943 3023 more
958 2959 1088 3023 militiae
1104 2959 1246 3023 excubiis
1261 2959 1363 3026 adest.

320 3063 366 3127 ibi
396 3068 543 3127 monente
574 3062 735 3146 praelecto
767 3063 879 3127 faustis
905 3063 1035 3127 vocibus
1063 3069 1216 3147 exceptus
1245 3062 1365 3128 inditur

321 3167 461 3231 lecticae.
500 3165 696 3233 dubitavisse
719 3165 873 3247 quosdam
901 3166 1015 3248 ferunt,
1044 3174 1260 3250 respectantes
1282 3168 1363 3250 rogi·

321 3278 498 3353 tantasque,
521 3270 577 3335 ubi
600 3270 801 3335 Britannicus
823 3277 920 3335 esset:
940 3290 1015 3335 mox
1036 3272 1123 3335 nullo
1145 3271 1178 3335 in
1202 3271 1363 3337 diversum

321 3382 448 3439 auctore
471 3393 552 3455 quae
575 3374 789 3439 offerebantur
810 3374 909 3439 secuti
932 3382 1015 3440 sunt.
1050 3376 1229 3458 inlatusque
1253 3376 1364 3441 eastris

320 3480 406 3543 Nero
422 3485 454 3543 et
468 3480 674 3561 congruentia
690 3479 824 3562 tempori
844 3479 1017 3562 praefatus,
1041 3481 1195 3563 promisso
1212 3480 1363 3545 donativo

274 3644 286 3655 ,
320 3582 363 3647 ad
379 3584 560 3666 exemplum
576 3593 728 3667 paternae
743 3583 927 3666 largitionis,
950 3584 1120 3666 imperator
1137 3585 1361 3649 consalutatur.

322 3686 512 3752 seutentiam
535 3686 670 3751 militum
688 3694 802 3751 secuta
828 3693 953 3770 patrum
976 3689 1129 3769 consulta,
1158 3707 1217 3752 nee
1240 3687 1363 3752 dubita·

320 3799 389 3856 tum
416 3797 463 3855 est
490 3789 573 3873 apud
602 3791 789 3873 provincias.
827 3791 1040 3872 caelestesque
1067 3791 1203 3857 honores
1229 3790 1362 3855 Claudio

320 3895 538 3978 decernuntur,
563 3901 595 3958 et
614 3894 733 3958 funeris
746 3888 909 3958 'sollemne
931 3895 1062 3978 perinde
1077 3915 1115 3958 ac
1131 3895 1204 3960 divo
1219 3895 1362 3977 Augusto
