<?xml version="1.0" encoding="UTF-8"?>
<!DOCTYPE html PUBLIC "-//W3C//DTD XHTML 1.0 Transitional//EN"
    "http://www.w3.org/TR/xhtml1/DTD/xhtml1-transitional.dtd">
<html xmlns="http://www.w3.org/1999/xhtml" xml:lang="en" lang="en">
 <head>
  <title>
</title>
<meta http-equiv="Content-Type" content="text/html;charset=utf-8" />
  <meta name='ocr-system' content='tesseract 3.04.00' />
  <meta name='ocr-capabilities' content='ocr_page ocr_carea ocr_par ocr_line ocrx_word'/>
</head>
<body>
  <div class='ocr_page' id='page_1' title='image "./dieannalendespc00chrigoog_0038.png"; bbox 0 0 2984 4275; ppageno 0'>
   <div class='ocr_carea' id='block_1_1' title="bbox 500 161 1194 244">
    <p class='ocr_par' dir='ltr' id='par_1_1' title="bbox 500 161 1194 244">
     <span class='ocr_line' id='line_1_1' title="bbox 500 161 1194 244; baseline -0.013 -14"><span class='ocrx_word' id='word_1_1' title='bbox 500 192 525 230; x_wconf 87' lang='lat' dir='ltr'>a.</span> <span class='ocrx_word' id='word_1_2' title='bbox 537 176 570 231; x_wconf 92' lang='lat' dir='ltr'>U.</span> <span class='ocrx_word' id='word_1_3' title='bbox 584 192 606 231; x_wconf 91' lang='lat' dir='ltr'>c.</span> <span class='ocrx_word' id='word_1_4' title='bbox 620 180 679 232; x_wconf 84' lang='lat'>801.</span> <span class='ocrx_word' id='word_1_5' title='bbox 703 193 730 244; x_wconf 90' lang='lat' dir='ltr'>p.</span> <span class='ocrx_word' id='word_1_6' title='bbox 743 176 806 230; x_wconf 89' lang='lat' dir='ltr'>Chr.</span> <span class='ocrx_word' id='word_1_7' title='bbox 818 180 861 233; x_wconf 85' lang='grc'>48.</span> <span class='ocrx_word' id='word_1_8' title='bbox 1157 161 1194 223; x_wconf 76' lang='lat'>17</span> 
     </span>
    </p>
   </div>
   <div class='ocr_carea' id='block_1_2' title="bbox 157 350 1371 1995">
    <p class='ocr_par' dir='ltr' id='par_1_2' title="bbox 157 350 1197 832">
     <span class='ocr_line' id='line_1_2' title="bbox 159 350 1197 434; baseline 0.001 -19"><span class='ocrx_word' id='word_1_9' title='bbox 159 352 276 416; x_wconf 88' lang='lat' dir='ltr'>circum</span> <span class='ocrx_word' id='word_1_10' title='bbox 299 350 424 434; x_wconf 89' lang='lat' dir='ltr'>procaci</span> <span class='ocrx_word' id='word_1_11' title='bbox 446 351 549 415; x_wconf 90' lang='lat' dir='ltr'>choro.</span> <span class='ocrx_word' id='word_1_12' title='bbox 584 350 690 415; x_wconf 90' lang='lat' dir='ltr'>ferunt</span> <span class='ocrx_word' id='word_1_13' title='bbox 712 351 852 415; x_wconf 90' lang='lat' dir='ltr'>Vettium</span> <span class='ocrx_word' id='word_1_14' title='bbox 875 351 1043 417; x_wconf 81' lang='lat' dir='ltr'>Valentem</span> <span class='ocrx_word' id='word_1_15' title='bbox 1065 351 1197 416; x_wconf 88' lang='lat' dir='ltr'>lascivia</span> 
     </span>
     <span class='ocr_line' id='line_1_3' title="bbox 157 454 1197 540; baseline 0 -21"><span class='ocrx_word' id='word_1_16' title='bbox 157 456 191 519; x_wconf 89' lang='lat' dir='ltr'>in</span> <span class='ocrx_word' id='word_1_17' title='bbox 215 456 388 540; x_wconf 81' lang='lat' dir='ltr'>praealtam</span> <span class='ocrx_word' id='word_1_18' title='bbox 411 454 554 519; x_wconf 83' lang='lat' dir='ltr'>arborem</span> <span class='ocrx_word' id='word_1_19' title='bbox 569 454 720 537; x_wconf 89' lang='lat' dir='ltr'>conisum,</span> <span class='ocrx_word' id='word_1_20' title='bbox 743 454 1010 537; x_wconf 77' lang='lat' dir='ltr'>interrogantibus</span> <span class='ocrx_word' id='word_1_21' title='bbox 1026 456 1102 539; x_wconf 89' lang='lat' dir='ltr'>quid</span> <span class='ocrx_word' id='word_1_22' title='bbox 1117 457 1197 540; x_wconf 88' lang='lat' dir='ltr'>aspi-</span> 
     </span>
     <span class='ocr_line' id='line_1_4' title="bbox 159 558 1197 644; baseline 0.002 -21"><span class='ocrx_word' id='word_1_23' title='bbox 159 566 252 644; x_wconf 88' lang='lat' dir='ltr'>ceret,</span> <span class='ocrx_word' id='word_1_24' title='bbox 283 558 482 641; x_wconf 90' lang='lat' dir='ltr'>respondisse</span> <span class='ocrx_word' id='word_1_25' title='bbox 511 565 732 642; x_wconf 83' lang='lat' dir='ltr'>tempestatem</span> <span class='ocrx_word' id='word_1_26' title='bbox 763 559 804 622; x_wconf 91' lang='lat' dir='ltr'>ab</span> <span class='ocrx_word' id='word_1_27' title='bbox 831 558 919 623; x_wconf 88' lang='lat' dir='ltr'>Ostia</span> <span class='ocrx_word' id='word_1_28' title='bbox 949 567 1097 641; x_wconf 87' lang='lat' dir='ltr'>atrocem,</span> <span class='ocrx_word' id='word_1_29' title='bbox 1128 560 1197 625; x_wconf 89' lang='lat' dir='ltr'>sive</span> 
     </span>
     <span class='ocr_line' id='line_1_5' title="bbox 158 662 1197 747; baseline 0 -19"><span class='ocrx_word' id='word_1_30' title='bbox 158 670 305 746; x_wconf 88' lang='lat' dir='ltr'>coeperat</span> <span class='ocrx_word' id='word_1_31' title='bbox 328 683 367 727; x_wconf 85' lang='lat' dir='ltr'>ea</span> <span class='ocrx_word' id='word_1_32' title='bbox 389 662 520 746; x_wconf 90' lang='lat' dir='ltr'>species,</span> <span class='ocrx_word' id='word_1_33' title='bbox 549 682 605 727; x_wconf 90' lang='lat' dir='ltr'>seu</span> <span class='ocrx_word' id='word_1_34' title='bbox 628 662 708 727; x_wconf 89' lang='lat' dir='ltr'>forte</span> <span class='ocrx_word' id='word_1_35' title='bbox 735 663 825 747; x_wconf 87' lang='lat' dir='ltr'>lapsa</span> <span class='ocrx_word' id='word_1_36' title='bbox 847 684 910 727; x_wconf 82' lang='lat' dir='ltr'>vox</span> <span class='ocrx_word' id='word_1_37' title='bbox 940 665 974 727; x_wconf 88' lang='lat' dir='ltr'>in</span> <span class='ocrx_word' id='word_1_38' title='bbox 996 664 1197 747; x_wconf 82' lang='lat' dir='ltr'>praesagium</span> 
     </span>
     <span class='ocr_line' id='line_1_6' title="bbox 159 768 263 832; baseline -0.01 0"><span class='ocrx_word' id='word_1_39' title='bbox 159 768 263 832; x_wconf 85' lang='lat' dir='ltr'>vertit.</span> 
     </span>
    </p>

    <p class='ocr_par' dir='ltr' id='par_1_3' title="bbox 157 870 1371 1995">
     <span class='ocr_line' id='line_1_7' title="bbox 263 870 1357 954; baseline 0.005 -19"><span class='ocrx_word' id='word_1_40' title='bbox 263 872 314 935; x_wconf 79' lang='lat'>32.</span> <span class='ocrx_word' id='word_1_41' title='bbox 352 871 424 935; x_wconf 87' lang='lat' dir='ltr'>Non</span> <span class='ocrx_word' id='word_1_42' title='bbox 455 891 561 935; x_wconf 92' lang='lat' dir='ltr'>rumor</span> <span class='ocrx_word' id='word_1_43' title='bbox 593 871 724 954; x_wconf 90' lang='lat' dir='ltr'>interea,</span> <span class='ocrx_word' id='word_1_44' title='bbox 758 872 815 936; x_wconf 88' lang='lat' dir='ltr'>sed</span> <span class='ocrx_word' id='word_1_45' title='bbox 846 871 985 953; x_wconf 89' lang='lat' dir='ltr'>undique</span> <span class='ocrx_word' id='word_1_46' title='bbox 1015 870 1119 935; x_wconf 91' lang='lat' dir='ltr'>nuntii</span> <span class='ocrx_word' id='word_1_47' title='bbox 1151 871 1197 936; x_wconf 91' lang='lat' dir='ltr'>in·</span> <span class='ocrx_word' id='word_1_48' title='bbox 1228 886 1283 930; x_wconf 76' lang='lat' dir='ltr'>aio</span> <span class='ocrx_word' id='word_1_49' title='bbox 1298 887 1357 940; x_wconf 75' lang='lat' dir='ltr'>sura</span> 
     </span>
     <span class='ocr_line' id='line_1_8' title="bbox 158 956 1362 1076; baseline 0 -37"><span class='ocrx_word' id='word_1_50' title='bbox 158 974 285 1059; x_wconf 90' lang='lat' dir='ltr'>cedunt,</span> <span class='ocrx_word' id='word_1_51' title='bbox 318 975 372 1057; x_wconf 93' lang='lat' dir='ltr'>qui</span> <span class='ocrx_word' id='word_1_52' title='bbox 399 995 500 1058; x_wconf 83' lang='lat' dir='ltr'>gnara</span> <span class='ocrx_word' id='word_1_53' title='bbox 525 973 656 1040; x_wconf 81' lang='lat' dir='ltr'>Claudio</span> <span class='ocrx_word' id='word_1_54' title='bbox 684 983 799 1039; x_wconf 88' lang='lat' dir='ltr'>cuncta</span> <span class='ocrx_word' id='word_1_55' title='bbox 826 982 857 1039; x_wconf 89' lang='lat' dir='ltr'>et</span> <span class='ocrx_word' id='word_1_56' title='bbox 885 975 993 1039; x_wconf 87' lang='lat' dir='ltr'>venire</span> <span class='ocrx_word' id='word_1_57' title='bbox 1015 982 1195 1059; x_wconf 91' lang='lat' dir='ltr'>promptum</span> <span class='ocrx_word' id='word_1_58' title='bbox 1228 956 1362 1076; x_wconf 48' lang='lat' dir='ltr'>&#39;mm&#39;</span> 
     </span>
     <span class='ocr_line' id='line_1_9' title="bbox 157 1078 1370 1163; baseline -0.003 -21"><span class='ocrx_word' id='word_1_59' title='bbox 157 1078 269 1143; x_wconf 90' lang='lat' dir='ltr'>ultioni</span> <span class='ocrx_word' id='word_1_60' title='bbox 291 1079 461 1144; x_wconf 89' lang='lat' dir='ltr'>adferrent.</span> <span class='ocrx_word' id='word_1_61' title='bbox 490 1078 587 1161; x_wconf 85' lang='lat' dir='ltr'>igitur</span> <span class='ocrx_word' id='word_1_62' title='bbox 608 1079 783 1143; x_wconf 87' lang='lat' dir='ltr'>Messalina·</span> <span class='ocrx_word' id='word_1_63' title='bbox 800 1079 1001 1144; x_wconf 79' lang='lat' dir='ltr'>Lucullianos</span> <span class='ocrx_word' id='word_1_64' title='bbox 1022 1079 1057 1143; x_wconf 91' lang='lat' dir='ltr'>in</span> <span class='ocrx_word' id='word_1_65' title='bbox 1078 1078 1195 1163; x_wconf 90' lang='lat' dir='ltr'>hortos,</span> <span class='ocrx_word' id='word_1_66' title='bbox 1215 1094 1370 1139; x_wconf 73' lang='lat' dir='ltr'>sessiacus</span> 
     </span>
     <span class='ocr_line' id='line_1_10' title="bbox 158 1163 1371 1287; baseline -0.001 -40"><span class='ocrx_word' id='word_1_67' title='bbox 158 1182 253 1247; x_wconf 86' lang='lat' dir='ltr'>Silius</span> <span class='ocrx_word' id='word_1_68' title='bbox 282 1183 508 1248; x_wconf 87' lang='lat' dir='ltr'>dissimulando</span> <span class='ocrx_word' id='word_1_69' title='bbox 538 1190 625 1247; x_wconf 88' lang='lat' dir='ltr'>metu</span> <span class='ocrx_word' id='word_1_70' title='bbox 661 1184 703 1247; x_wconf 93' lang='lat' dir='ltr'>ad</span> <span class='ocrx_word' id='word_1_71' title='bbox 733 1182 842 1247; x_wconf 90' lang='lat' dir='ltr'>munia</span> <span class='ocrx_word' id='word_1_72' title='bbox 873 1183 932 1248; x_wconf 89' lang='lat' dir='ltr'>fori</span> <span class='ocrx_word' id='word_1_73' title='bbox 966 1183 1195 1266; x_wconf 82' lang='lat' dir='ltr'>digrediuntur.</span> <span class='ocrx_word' id='word_1_74' title='bbox 1214 1163 1371 1287; x_wconf 43' lang='lat' dir='ltr'>,stlzffilw</span> 
     </span>
     <span class='ocr_line' id='line_1_11' title="bbox 159 1286 1359 1370; baseline -0.003 -20"><span class='ocrx_word' id='word_1_75' title='bbox 159 1287 270 1351; x_wconf 87' lang='lat' dir='ltr'>ceteris</span> <span class='ocrx_word' id='word_1_76' title='bbox 292 1287 409 1370; x_wconf 88' lang='lat' dir='ltr'>passim</span> <span class='ocrx_word' id='word_1_77' title='bbox 425 1286 637 1352; x_wconf 84' lang='lat' dir='ltr'>dilabentibus</span> <span class='ocrx_word' id='word_1_78' title='bbox 653 1286 784 1352; x_wconf 90' lang='lat' dir='ltr'>adfuere</span> <span class='ocrx_word' id='word_1_79' title='bbox 800 1289 1008 1370; x_wconf 80' lang='lat' dir='ltr'>centuriones,</span> <span class='ocrx_word' id='word_1_80' title='bbox 1031 1288 1196 1369; x_wconf 89' lang='lat' dir='ltr'>inditaque</span> <span class='ocrx_word' id='word_1_81' title='bbox 1232 1300 1359 1357; x_wconf 66' lang='lat' dir='ltr'>satiatura</span> 
     </span>
     <span class='ocr_line' id='line_1_12' title="bbox 159 1373 1369 1495; baseline 0.001 -41"><span class='ocrx_word' id='word_1_82' title='bbox 159 1397 232 1455; x_wconf 87' lang='lat' dir='ltr'>sunt</span> <span class='ocrx_word' id='word_1_83' title='bbox 254 1390 368 1474; x_wconf 88' lang='lat' dir='ltr'>vincla,</span> <span class='ocrx_word' id='word_1_84' title='bbox 396 1397 431 1454; x_wconf 92' lang='lat' dir='ltr'>ut</span> <span class='ocrx_word' id='word_1_85' title='bbox 453 1392 523 1472; x_wconf 90' lang='lat' dir='ltr'>quis</span> <span class='ocrx_word' id='word_1_86' title='bbox 549 1390 766 1474; x_wconf 86' lang='lat' dir='ltr'>reperiebatur</span> <span class='ocrx_word' id='word_1_87' title='bbox 786 1391 820 1454; x_wconf 91' lang='lat' dir='ltr'>in</span> <span class='ocrx_word' id='word_1_88' title='bbox 848 1392 973 1474; x_wconf 90' lang='lat' dir='ltr'>publico</span> <span class='ocrx_word' id='word_1_89' title='bbox 1000 1398 1054 1455; x_wconf 91' lang='lat' dir='ltr'>aut</span> <span class='ocrx_word' id='word_1_90' title='bbox 1076 1411 1133 1475; x_wconf 91' lang='lat' dir='ltr'>per</span> <span class='ocrx_word' id='word_1_91' title='bbox 1154 1393 1196 1455; x_wconf 89' lang='lat' dir='ltr'>la·</span> <span class='ocrx_word' id='word_1_92' title='bbox 1214 1373 1369 1495; x_wconf 46' lang='lat' dir='ltr'>aremus</span> 
     </span>
     <span class='ocr_line' id='line_1_13' title="bbox 158 1494 1318 1578; baseline -0.001 -21"><span class='ocrx_word' id='word_1_93' title='bbox 158 1494 274 1558; x_wconf 74' lang='lat' dir='ltr'>tebras,</span> <span class='ocrx_word' id='word_1_94' title='bbox 312 1495 484 1559; x_wconf 88' lang='lat' dir='ltr'>Messalina</span> <span class='ocrx_word' id='word_1_95' title='bbox 511 1501 628 1576; x_wconf 82' lang='lat' dir='ltr'>tamen,</span> <span class='ocrx_word' id='word_1_96' title='bbox 657 1516 850 1578; x_wconf 90' lang='lat' dir='ltr'>quamquam</span> <span class='ocrx_word' id='word_1_97' title='bbox 876 1516 926 1560; x_wconf 90' lang='lat' dir='ltr'>res</span> <span class='ocrx_word' id='word_1_98' title='bbox 948 1497 1103 1560; x_wconf 88' lang='lat' dir='ltr'>adversae</span> <span class='ocrx_word' id='word_1_99' title='bbox 1126 1517 1196 1561; x_wconf 91' lang='lat' dir='ltr'>con·</span> <span class='ocrx_word' id='word_1_100' title='bbox 1273 1512 1318 1562; x_wconf 78' lang='lat' dir='ltr'>rum</span> 
     </span>
     <span class='ocr_line' id='line_1_14' title="bbox 159 1583 1350 1682; baseline 0.003 -22"><span class='ocrx_word' id='word_1_101' title='bbox 159 1598 262 1661; x_wconf 91' lang='lat' dir='ltr'>silium</span> <span class='ocrx_word' id='word_1_102' title='bbox 290 1599 472 1681; x_wconf 86' lang='lat' dir='ltr'>eximerent,</span> <span class='ocrx_word' id='word_1_103' title='bbox 503 1600 548 1663; x_wconf 88' lang='lat' dir='ltr'>ire</span> <span class='ocrx_word' id='word_1_104' title='bbox 576 1599 703 1664; x_wconf 92' lang='lat' dir='ltr'>obviam</span> <span class='ocrx_word' id='word_1_105' title='bbox 731 1607 763 1663; x_wconf 91' lang='lat' dir='ltr'>et</span> <span class='ocrx_word' id='word_1_106' title='bbox 789 1600 889 1682; x_wconf 87' lang='lat' dir='ltr'>aspici</span> <span class='ocrx_word' id='word_1_107' title='bbox 915 1621 935 1664; x_wconf 92' lang='lat' dir='ltr'>a</span> <span class='ocrx_word' id='word_1_108' title='bbox 962 1601 1083 1681; x_wconf 84' lang='lat' dir='ltr'>marito,</span> <span class='ocrx_word' id='word_1_109' title='bbox 1112 1601 1196 1682; x_wconf 88' lang='lat' dir='ltr'>quod</span> <span class='ocrx_word' id='word_1_110' title='bbox 1241 1583 1350 1632; x_wconf 67' lang='lat' dir='ltr'>mireum,</span> 
     </span>
     <span class='ocr_line' id='line_1_15' title="bbox 158 1703 1196 1787; baseline 0.003 -22"><span class='ocrx_word' id='word_1_111' title='bbox 158 1721 255 1786; x_wconf 85' lang='lat' dir='ltr'>saepe</span> <span class='ocrx_word' id='word_1_112' title='bbox 277 1703 450 1768; x_wconf 88' lang='lat' dir='ltr'>subsidium</span> <span class='ocrx_word' id='word_1_113' title='bbox 477 1703 641 1786; x_wconf 90' lang='lat' dir='ltr'>habuerat,</span> <span class='ocrx_word' id='word_1_114' title='bbox 668 1704 755 1768; x_wconf 90' lang='lat' dir='ltr'>haud</span> <span class='ocrx_word' id='word_1_115' title='bbox 782 1704 921 1787; x_wconf 85' lang='lat' dir='ltr'>seguiter</span> <span class='ocrx_word' id='word_1_116' title='bbox 942 1704 1078 1768; x_wconf 89' lang='lat' dir='ltr'>intendit</span> <span class='ocrx_word' id='word_1_117' title='bbox 1101 1704 1196 1769; x_wconf 91' lang='lat' dir='ltr'>misit-</span> 
     </span>
     <span class='ocr_line' id='line_1_16' title="bbox 159 1806 1195 1892; baseline 0.003 -22"><span class='ocrx_word' id='word_1_118' title='bbox 159 1825 230 1888; x_wconf 88' lang='lat' dir='ltr'>que,</span> <span class='ocrx_word' id='word_1_119' title='bbox 253 1813 288 1870; x_wconf 94' lang='lat' dir='ltr'>ut</span> <span class='ocrx_word' id='word_1_120' title='bbox 309 1807 508 1872; x_wconf 87' lang='lat' dir='ltr'>Britannicus</span> <span class='ocrx_word' id='word_1_121' title='bbox 531 1806 706 1872; x_wconf 87' lang='lat' dir='ltr'>otOctavia</span> <span class='ocrx_word' id='word_1_122' title='bbox 728 1808 762 1871; x_wconf 90' lang='lat' dir='ltr'>in</span> <span class='ocrx_word' id='word_1_123' title='bbox 785 1809 985 1891; x_wconf 86' lang='lat' dir='ltr'>complexum</span> <span class='ocrx_word' id='word_1_124' title='bbox 1008 1810 1107 1891; x_wconf 89' lang='lat' dir='ltr'>patris</span> <span class='ocrx_word' id='word_1_125' title='bbox 1129 1828 1195 1892; x_wconf 90' lang='lat' dir='ltr'>per·</span> 
     </span>
     <span class='ocr_line' id='line_1_17' title="bbox 158 1911 1298 1995; baseline 0.002 -22"><span class='ocrx_word' id='word_1_126' title='bbox 158 1916 279 1991; x_wconf 86' lang='lat' dir='ltr'>gerent.</span> <span class='ocrx_word' id='word_1_127' title='bbox 314 1917 346 1974; x_wconf 92' lang='lat' dir='ltr'>et</span> <span class='ocrx_word' id='word_1_128' title='bbox 368 1911 538 1995; x_wconf 87' lang='lat' dir='ltr'>Vibidiam,</span> <span class='ocrx_word' id='word_1_129' title='bbox 562 1912 722 1993; x_wconf 82' lang='lat' dir='ltr'>virginum</span> <span class='ocrx_word' id='word_1_130' title='bbox 744 1911 919 1975; x_wconf 89' lang='lat' dir='ltr'>Vestalium</span> <span class='ocrx_word' id='word_1_131' title='bbox 941 1913 1195 1994; x_wconf 85' lang='lat' dir='ltr'>vetustissimam,</span> <span class='ocrx_word' id='word_1_132' title='bbox 1293 1917 1298 1923; x_wconf 80' lang='grc'><strong>”</strong></span> 
     </span>
    </p>
   </div>
   <div class='ocr_carea' id='block_1_3' title="bbox 157 2013 1196 2098">
    <p class='ocr_par' dir='ltr' id='par_1_4' title="bbox 157 2013 1196 2098">
     <span class='ocr_line' id='line_1_18' title="bbox 157 2013 1196 2098; baseline 0.004 -22"><span class='ocrx_word' id='word_1_133' title='bbox 157 2013 260 2078; x_wconf 89' lang='lat' dir='ltr'>oravit</span> <span class='ocrx_word' id='word_1_134' title='bbox 291 2014 448 2098; x_wconf 87' lang='lat' dir='ltr'>pontificis</span> <span class='ocrx_word' id='word_1_135' title='bbox 481 2015 613 2079; x_wconf 83' lang='lat' dir='ltr'>maximi</span> <span class='ocrx_word' id='word_1_136' title='bbox 645 2035 737 2079; x_wconf 90' lang='lat' dir='ltr'>aures</span> <span class='ocrx_word' id='word_1_137' title='bbox 770 2015 872 2097; x_wconf 90' lang='lat' dir='ltr'>adire,</span> <span class='ocrx_word' id='word_1_138' title='bbox 907 2017 1109 2080; x_wconf 88' lang='lat' dir='ltr'>clementiam</span> <span class='ocrx_word' id='word_1_139' title='bbox 1144 2036 1196 2080; x_wconf 83' lang='lat' dir='ltr'>er-</span> 
     </span>
    </p>
   </div>
   <div class='ocr_carea' id='block_1_4' title="bbox 157 2119 1350 2723">
    <p class='ocr_par' dir='ltr' id='par_1_5' title="bbox 157 2119 1197 2618">
     <span class='ocr_line' id='line_1_19' title="bbox 157 2119 1197 2204; baseline 0.003 -22"><span class='ocrx_word' id='word_1_140' title='bbox 157 2125 273 2201; x_wconf 86' lang='lat' dir='ltr'>petere.</span> <span class='ocrx_word' id='word_1_141' title='bbox 302 2125 398 2201; x_wconf 88' lang='lat' dir='ltr'>atque</span> <span class='ocrx_word' id='word_1_142' title='bbox 420 2120 555 2204; x_wconf 90' lang='lat' dir='ltr'>interim,</span> <span class='ocrx_word' id='word_1_143' title='bbox 579 2119 678 2184; x_wconf 88' lang='lat' dir='ltr'>tribus</span> <span class='ocrx_word' id='word_1_144' title='bbox 700 2120 829 2184; x_wconf 90' lang='lat' dir='ltr'>omniuo</span> <span class='ocrx_word' id='word_1_145' title='bbox 852 2119 1076 2185; x_wconf 88' lang='lat' dir='ltr'>comitantibus</span> <span class='ocrx_word' id='word_1_146' title='bbox 1099 2160 1140 2167; x_wconf 90' lang='lat'>—</span> <span class='ocrx_word' id='word_1_147' title='bbox 1163 2120 1197 2185; x_wconf 91' lang='lat' dir='ltr'>id</span> 
     </span>
     <span class='ocr_line' id='line_1_20' title="bbox 157 2223 1194 2308; baseline 0.002 -23"><span class='ocrx_word' id='word_1_148' title='bbox 157 2229 288 2306; x_wconf 88' lang='lat' dir='ltr'>repente</span> <span class='ocrx_word' id='word_1_149' title='bbox 311 2223 489 2288; x_wconf 89' lang='lat' dir='ltr'>solitudinis</span> <span class='ocrx_word' id='word_1_150' title='bbox 505 2224 775 2307; x_wconf 85' lang='lat' dir='ltr'>erat—spatium</span> <span class='ocrx_word' id='word_1_151' title='bbox 789 2225 876 2288; x_wconf 91' lang='lat' dir='ltr'>urbis</span> <span class='ocrx_word' id='word_1_152' title='bbox 899 2224 1033 2307; x_wconf 88' lang='lat' dir='ltr'>pedibus</span> <span class='ocrx_word' id='word_1_153' title='bbox 1055 2244 1194 2308; x_wconf 89' lang='lat' dir='ltr'>emensa,</span> 
     </span>
     <span class='ocr_line' id='line_1_21' title="bbox 157 2325 1196 2411; baseline 0 -21"><span class='ocrx_word' id='word_1_154' title='bbox 157 2327 314 2410; x_wconf 87' lang='lat' dir='ltr'>vehiculo,</span> <span class='ocrx_word' id='word_1_155' title='bbox 339 2347 401 2410; x_wconf 92' lang='lat' dir='ltr'>quo</span> <span class='ocrx_word' id='word_1_156' title='bbox 428 2335 637 2410; x_wconf 85' lang='lat' dir='ltr'>purgamenta</span> <span class='ocrx_word' id='word_1_157' title='bbox 659 2328 819 2393; x_wconf 87' lang='lat' dir='ltr'>hortorum</span> <span class='ocrx_word' id='word_1_158' title='bbox 843 2327 1051 2411; x_wconf 86' lang='lat' dir='ltr'>excipiuntur,</span> <span class='ocrx_word' id='word_1_159' title='bbox 1075 2325 1196 2392; x_wconf 90' lang='lat' dir='ltr'>Ostien-</span> 
     </span>
     <span class='ocr_line' id='line_1_22' title="bbox 158 2430 1197 2515; baseline 0.001 -22"><span class='ocrx_word' id='word_1_160' title='bbox 158 2449 225 2494; x_wconf 89' lang='lat' dir='ltr'>sem</span> <span class='ocrx_word' id='word_1_161' title='bbox 254 2430 340 2495; x_wconf 88' lang='lat' dir='ltr'>viam</span> <span class='ocrx_word' id='word_1_162' title='bbox 373 2431 483 2515; x_wconf 89' lang='lat' dir='ltr'>intrat,</span> <span class='ocrx_word' id='word_1_163' title='bbox 510 2432 608 2500; x_wconf 66' lang='lat' dir='ltr'>,nulla</span> <span class='ocrx_word' id='word_1_164' title='bbox 636 2431 823 2514; x_wconf 89' lang='lat' dir='ltr'>cuiusquam</span> <span class='ocrx_word' id='word_1_165' title='bbox 860 2431 1087 2515; x_wconf 76' lang='lat' dir='ltr'>misericordia,</span> <span class='ocrx_word' id='word_1_166' title='bbox 1122 2431 1197 2512; x_wconf 90' lang='lat' dir='ltr'>quia</span> 
     </span>
     <span class='ocr_line' id='line_1_23' title="bbox 157 2532 793 2618; baseline 0.002 -21"><span class='ocrx_word' id='word_1_167' title='bbox 157 2532 350 2617; x_wconf 77' lang='lat' dir='ltr'>flagitiorum</span> <span class='ocrx_word' id='word_1_168' title='bbox 372 2534 556 2599; x_wconf 86' lang='lat' dir='ltr'>deformitas</span> <span class='ocrx_word' id='word_1_169' title='bbox 578 2536 793 2618; x_wconf 91' lang='lat' dir='ltr'>praevalebat.</span> 
     </span>
    </p>

    <p class='ocr_par' dir='ltr' id='par_1_6' title="bbox 262 2638 1350 2723">
     <span class='ocr_line' id='line_1_24' title="bbox 262 2638 1350 2723; baseline 0.003 -21"><span class='ocrx_word' id='word_1_170' title='bbox 262 2638 313 2702; x_wconf 89' lang='lat'>33.</span> <span class='ocrx_word' id='word_1_171' title='bbox 348 2638 580 2722; x_wconf 85' lang='lat' dir='ltr'>Trepidabatur</span> <span class='ocrx_word' id='word_1_172' title='bbox 601 2639 699 2704; x_wconf 91' lang='lat' dir='ltr'>nihilo</span> <span class='ocrx_word' id='word_1_173' title='bbox 726 2639 832 2703; x_wconf 88' lang='lat' dir='ltr'>minus</span> <span class='ocrx_word' id='word_1_174' title='bbox 858 2659 878 2702; x_wconf 91' lang='lat' dir='ltr'>a</span> <span class='ocrx_word' id='word_1_175' title='bbox 900 2639 1048 2704; x_wconf 80' lang='lat' dir='ltr'>Caesare:</span> <span class='ocrx_word' id='word_1_176' title='bbox 1080 2639 1196 2723; x_wconf 90' lang='lat' dir='ltr'>quippe</span> <span class='ocrx_word' id='word_1_177' title='bbox 1238 2654 1350 2705; x_wconf 69' lang='lat' dir='ltr'>nutritos</span> 
     </span>
    </p>
   </div>
   <div class='ocr_carea' id='block_1_5' title="bbox 158 2722 1341 2836">
    <p class='ocr_par' dir='ltr' id='par_1_7' title="bbox 158 2722 1341 2836">
     <span class='ocr_line' id='line_1_25' title="bbox 158 2722 1341 2836; baseline -0.003 -31"><span class='ocrx_word' id='word_1_178' title='bbox 158 2741 257 2806; x_wconf 83' lang='lat' dir='ltr'>Getae</span> <span class='ocrx_word' id='word_1_179' title='bbox 287 2743 436 2827; x_wconf 87' lang='lat' dir='ltr'>praetorii</span> <span class='ocrx_word' id='word_1_180' title='bbox 466 2743 627 2827; x_wconf 88' lang='lat' dir='ltr'>praefecto</span> <span class='ocrx_word' id='word_1_181' title='bbox 658 2742 745 2807; x_wconf 89' lang='lat' dir='ltr'>haud</span> <span class='ocrx_word' id='word_1_182' title='bbox 776 2744 853 2807; x_wconf 89' lang='lat' dir='ltr'>satis</span> <span class='ocrx_word' id='word_1_183' title='bbox 882 2743 1038 2824; x_wconf 86' lang='lat' dir='ltr'>fidebant,</span> <span class='ocrx_word' id='word_1_184' title='bbox 1072 2743 1114 2806; x_wconf 89' lang='lat' dir='ltr'>ad</span> <span class='ocrx_word' id='word_1_185' title='bbox 1144 2744 1195 2807; x_wconf 93' lang='lat' dir='ltr'>ho·</span> <span class='ocrx_word' id='word_1_186' title='bbox 1245 2722 1341 2836; x_wconf 54' lang='lat' dir='ltr'>ffiffl‘l</span> 
     </span>
    </p>
   </div>
   <div class='ocr_carea' id='block_1_6' title="bbox 157 2846 1434 3863">
    <p class='ocr_par' dir='ltr' id='par_1_8' title="bbox 157 2846 1434 3242">
     <span class='ocr_line' id='line_1_26' title="bbox 157 2846 1434 2940; baseline -0.002 -30"><span class='ocrx_word' id='word_1_187' title='bbox 157 2853 249 2910; x_wconf 86' lang='lat' dir='ltr'>nesta</span> <span class='ocrx_word' id='word_1_188' title='bbox 275 2866 332 2911; x_wconf 88' lang='lat' dir='ltr'>sou</span> <span class='ocrx_word' id='word_1_189' title='bbox 359 2867 459 2931; x_wconf 86' lang='lat' dir='ltr'>prava</span> <span class='ocrx_word' id='word_1_190' title='bbox 485 2846 575 2911; x_wconf 83' lang='lat' dir='ltr'>iuxta</span> <span class='ocrx_word' id='word_1_191' title='bbox 602 2847 673 2912; x_wconf 90' lang='lat' dir='ltr'>levi.</span> <span class='ocrx_word' id='word_1_192' title='bbox 713 2867 788 2930; x_wconf 86' lang='lat' dir='ltr'>ergo</span> <span class='ocrx_word' id='word_1_193' title='bbox 816 2847 992 2928; x_wconf 73' lang='lat' dir='ltr'>Narcissus</span> <span class='ocrx_word' id='word_1_194' title='bbox 1020 2847 1196 2930; x_wconf 89' lang='lat' dir='ltr'>adsumptis</span> <span class='ocrx_word' id='word_1_195' title='bbox 1229 2862 1358 2940; x_wconf 58' lang='lat' dir='ltr'>stercora</span> <span class='ocrx_word' id='word_1_196' title='bbox 1427 2847 1434 2860; x_wconf 82' lang='grc'><em>’</em></span> 
     </span>
     <span class='ocr_line' id='line_1_27' title="bbox 158 2929 1364 3052; baseline 0.002 -39"><span class='ocrx_word' id='word_1_197' title='bbox 158 2949 273 3032; x_wconf 88' lang='lat' dir='ltr'>quibus</span> <span class='ocrx_word' id='word_1_198' title='bbox 294 2950 379 3013; x_wconf 88' lang='lat' dir='ltr'>idom</span> <span class='ocrx_word' id='word_1_199' title='bbox 408 2958 519 3032; x_wconf 89' lang='lat' dir='ltr'>metus,</span> <span class='ocrx_word' id='word_1_200' title='bbox 548 2971 611 3014; x_wconf 92' lang='lat' dir='ltr'>non</span> <span class='ocrx_word' id='word_1_201' title='bbox 639 2951 735 3015; x_wconf 90' lang='lat' dir='ltr'>aliam</span> <span class='ocrx_word' id='word_1_202' title='bbox 763 2971 851 3033; x_wconf 88' lang='lat' dir='ltr'>spem</span> <span class='ocrx_word' id='word_1_203' title='bbox 877 2951 1100 3016; x_wconf 91' lang='lat' dir='ltr'>incolumitatis</span> <span class='ocrx_word' id='word_1_204' title='bbox 1122 2951 1195 3015; x_wconf 79' lang='lat' dir='ltr'>Cae·</span> <span class='ocrx_word' id='word_1_205' title='bbox 1222 2929 1364 3052; x_wconf 48' lang='lat' dir='ltr'>,lgfjtiffifn</span> 
     </span>
     <span class='ocr_line' id='line_1_28' title="bbox 158 3053 1357 3135; baseline 0.004 -19"><span class='ocrx_word' id='word_1_206' title='bbox 158 3053 238 3118; x_wconf 89' lang='lat' dir='ltr'>saris</span> <span class='ocrx_word' id='word_1_207' title='bbox 260 3054 416 3135; x_wconf 88' lang='lat' dir='ltr'>adfirmat,</span> <span class='ocrx_word' id='word_1_208' title='bbox 445 3074 540 3135; x_wconf 89' lang='lat' dir='ltr'>quam</span> <span class='ocrx_word' id='word_1_209' title='bbox 567 3055 595 3119; x_wconf 92' lang='lat' dir='ltr'>si</span> <span class='ocrx_word' id='word_1_210' title='bbox 616 3055 665 3119; x_wconf 91' lang='lat' dir='ltr'>ius</span> <span class='ocrx_word' id='word_1_211' title='bbox 691 3055 828 3119; x_wconf 91' lang='lat' dir='ltr'>militum</span> <span class='ocrx_word' id='word_1_212' title='bbox 850 3076 913 3120; x_wconf 93' lang='lat' dir='ltr'>uuo</span> <span class='ocrx_word' id='word_1_213' title='bbox 935 3055 989 3120; x_wconf 89' lang='lat' dir='ltr'>illo</span> <span class='ocrx_word' id='word_1_214' title='bbox 1012 3055 1064 3120; x_wconf 88' lang='lat' dir='ltr'>die</span> <span class='ocrx_word' id='word_1_215' title='bbox 1085 3055 1118 3118; x_wconf 92' lang='lat' dir='ltr'>in</span> <span class='ocrx_word' id='word_1_216' title='bbox 1141 3056 1195 3119; x_wconf 91' lang='lat' dir='ltr'>ali·</span> <span class='ocrx_word' id='word_1_217' title='bbox 1229 3068 1357 3121; x_wconf 67' lang='lat' dir='ltr'>tartaron</span> 
     </span>
     <span class='ocr_line' id='line_1_29' title="bbox 158 3157 1194 3242; baseline 0.004 -23"><span class='ocrx_word' id='word_1_218' title='bbox 158 3176 252 3237; x_wconf 91' lang='lat' dir='ltr'>quem</span> <span class='ocrx_word' id='word_1_219' title='bbox 281 3157 463 3223; x_wconf 86' lang='lat' dir='ltr'>libertorum</span> <span class='ocrx_word' id='word_1_220' title='bbox 493 3158 685 3242; x_wconf 87' lang='lat' dir='ltr'>transferret,</span> <span class='ocrx_word' id='word_1_221' title='bbox 719 3178 816 3241; x_wconf 89' lang='lat' dir='ltr'>seque</span> <span class='ocrx_word' id='word_1_222' title='bbox 849 3158 940 3223; x_wconf 86' lang='lat' dir='ltr'>offert</span> <span class='ocrx_word' id='word_1_223' title='bbox 968 3165 1194 3242; x_wconf 87' lang='lat' dir='ltr'>suscepturum.</span> 
     </span>
    </p>

    <p class='ocr_par' dir='ltr' id='par_1_9' title="bbox 158 3261 1195 3346">
     <span class='ocr_line' id='line_1_30' title="bbox 158 3261 1195 3346; baseline 0.002 -23"><span class='ocrx_word' id='word_1_224' title='bbox 158 3280 196 3323; x_wconf 87' lang='lat' dir='ltr'>ac</span> <span class='ocrx_word' id='word_1_225' title='bbox 229 3280 279 3344; x_wconf 89' lang='lat' dir='ltr'>ne,</span> <span class='ocrx_word' id='word_1_226' title='bbox 314 3261 390 3325; x_wconf 94' lang='lat' dir='ltr'>dum</span> <span class='ocrx_word' id='word_1_227' title='bbox 423 3262 456 3325; x_wconf 91' lang='lat' dir='ltr'>in</span> <span class='ocrx_word' id='word_1_228' title='bbox 490 3263 600 3327; x_wconf 91' lang='lat' dir='ltr'>urbem</span> <span class='ocrx_word' id='word_1_229' title='bbox 633 3263 803 3346; x_wconf 87' lang='lat' dir='ltr'>revehitur,</span> <span class='ocrx_word' id='word_1_230' title='bbox 838 3262 880 3326; x_wconf 89' lang='lat' dir='ltr'>ad</span> <span class='ocrx_word' id='word_1_231' title='bbox 913 3262 1142 3345; x_wconf 88' lang='lat' dir='ltr'>paenitentiam</span> <span class='ocrx_word' id='word_1_232' title='bbox 1175 3283 1195 3325; x_wconf 92' lang='lat' dir='ltr'>a</span> 
     </span>
    </p>

    <p class='ocr_par' dir='ltr' id='par_1_10' title="bbox 158 3364 1195 3450">
     <span class='ocr_line' id='line_1_31' title="bbox 158 3364 1195 3450; baseline 0.001 -22"><span class='ocrx_word' id='word_1_233' title='bbox 158 3365 193 3428; x_wconf 91' lang='lat' dir='ltr'>L.</span> <span class='ocrx_word' id='word_1_234' title='bbox 211 3364 338 3429; x_wconf 90' lang='lat' dir='ltr'>Vitellio</span> <span class='ocrx_word' id='word_1_235' title='bbox 361 3373 392 3429; x_wconf 87' lang='lat' dir='ltr'>et</span> <span class='ocrx_word' id='word_1_236' title='bbox 414 3366 518 3449; x_wconf 85' lang='lat' dir='ltr'>Largo</span> <span class='ocrx_word' id='word_1_237' title='bbox 540 3366 677 3431; x_wconf 77' lang='lat' dir='ltr'>Caecina</span> <span class='ocrx_word' id='word_1_238' title='bbox 700 3373 882 3450; x_wconf 90' lang='lat' dir='ltr'>mutaretur,</span> <span class='ocrx_word' id='word_1_239' title='bbox 905 3367 937 3430; x_wconf 92' lang='lat' dir='ltr'>in</span> <span class='ocrx_word' id='word_1_240' title='bbox 962 3367 1074 3432; x_wconf 89' lang='lat' dir='ltr'>eodem</span> <span class='ocrx_word' id='word_1_241' title='bbox 1096 3372 1195 3448; x_wconf 86' lang='lat' dir='ltr'>gesta-</span> 
     </span>
    </p>

    <p class='ocr_par' dir='ltr' id='par_1_11' title="bbox 157 3467 768 3554">
     <span class='ocr_line' id='line_1_32' title="bbox 157 3467 768 3554; baseline 0.007 -24"><span class='ocrx_word' id='word_1_242' title='bbox 157 3467 244 3531; x_wconf 93' lang='lat' dir='ltr'>mine</span> <span class='ocrx_word' id='word_1_243' title='bbox 266 3468 375 3532; x_wconf 89' lang='lat' dir='ltr'>sedem</span> <span class='ocrx_word' id='word_1_244' title='bbox 397 3469 498 3553; x_wconf 89' lang='lat' dir='ltr'>poscit</span> <span class='ocrx_word' id='word_1_245' title='bbox 520 3470 768 3554; x_wconf 89' lang='lat' dir='ltr'>adsumiturque.</span> 
     </span>
    </p>

    <p class='ocr_par' dir='ltr' id='par_1_12' title="bbox 263 3572 1313 3668">
     <span class='ocr_line' id='line_1_33' title="bbox 263 3572 1313 3668; baseline -0.003 -33"><span class='ocrx_word' id='word_1_246' title='bbox 263 3572 315 3636; x_wconf 80' lang='lat'>34.</span> <span class='ocrx_word' id='word_1_247' title='bbox 353 3572 473 3638; x_wconf 84' lang='lat' dir='ltr'>Crebra</span> <span class='ocrx_word' id='word_1_248' title='bbox 506 3580 577 3656; x_wconf 90' lang='lat' dir='ltr'>post</span> <span class='ocrx_word' id='word_1_249' title='bbox 609 3574 688 3637; x_wconf 91' lang='lat' dir='ltr'>haec</span> <span class='ocrx_word' id='word_1_250' title='bbox 718 3574 804 3638; x_wconf 91' lang='lat' dir='ltr'>fama</span> <span class='ocrx_word' id='word_1_251' title='bbox 833 3574 908 3655; x_wconf 90' lang='lat' dir='ltr'>fuit,</span> <span class='ocrx_word' id='word_1_252' title='bbox 943 3574 1024 3637; x_wconf 90' lang='lat' dir='ltr'>iuter</span> <span class='ocrx_word' id='word_1_253' title='bbox 1053 3572 1195 3637; x_wconf 85' lang='lat' dir='ltr'>diversas</span> <span class='ocrx_word' id='word_1_254' title='bbox 1269 3590 1313 3668; x_wconf 66' lang='lat' dir='ltr'>aaa</span> 
     </span>
    </p>

    <p class='ocr_par' dir='ltr' id='par_1_13' title="bbox 157 3657 1370 3863">
     <span class='ocr_line' id='line_1_34' title="bbox 157 3657 1370 3779; baseline 0.001 -41"><span class='ocrx_word' id='word_1_255' title='bbox 157 3674 309 3760; x_wconf 89' lang='lat' dir='ltr'>principis</span> <span class='ocrx_word' id='word_1_256' title='bbox 331 3697 435 3758; x_wconf 71' lang='lat' dir='ltr'>voces</span> <span class='ocrx_word' id='word_1_257' title='bbox 468 3696 538 3740; x_wconf 89' lang='lat' dir='ltr'>oum</span> <span class='ocrx_word' id='word_1_258' title='bbox 561 3676 653 3741; x_wconf 92' lang='lat' dir='ltr'>modo</span> <span class='ocrx_word' id='word_1_259' title='bbox 676 3678 835 3742; x_wconf 87' lang='lat' dir='ltr'>incusaret</span> <span class='ocrx_word' id='word_1_260' title='bbox 857 3677 980 3759; x_wconf 84' lang='lat' dir='ltr'>flagitia</span> <span class='ocrx_word' id='word_1_261' title='bbox 1002 3677 1118 3759; x_wconf 82' lang='lat' dir='ltr'>uxoris,</span> <span class='ocrx_word' id='word_1_262' title='bbox 1142 3677 1195 3739; x_wconf 91' lang='lat' dir='ltr'>ali·</span> <span class='ocrx_word' id='word_1_263' title='bbox 1213 3659 1319 3779; x_wconf 51' lang='grc' dir='ltr'>,ἕξζξιζζῗ</span> <span class='ocrx_word' id='word_1_264' title='bbox 1333 3657 1370 3770; x_wconf 49' lang='lat' dir='ltr'>3ss</span> 
     </span>
     <span class='ocr_line' id='line_1_35' title="bbox 158 3779 1353 3863; baseline -0.003 -21"><span class='ocrx_word' id='word_1_265' title='bbox 158 3779 285 3859; x_wconf 90' lang='lat' dir='ltr'>quando</span> <span class='ocrx_word' id='word_1_266' title='bbox 318 3782 359 3845; x_wconf 90' lang='lat' dir='ltr'>ad</span> <span class='ocrx_word' id='word_1_267' title='bbox 387 3780 571 3846; x_wconf 89' lang='lat' dir='ltr'>memoriam</span> <span class='ocrx_word' id='word_1_268' title='bbox 605 3781 741 3863; x_wconf 82' lang='lat' dir='ltr'>coniugii</span> <span class='ocrx_word' id='word_1_269' title='bbox 768 3788 799 3846; x_wconf 89' lang='lat' dir='ltr'>et</span> <span class='ocrx_word' id='word_1_270' title='bbox 824 3781 992 3846; x_wconf 86' lang='lat' dir='ltr'>infantiam</span> <span class='ocrx_word' id='word_1_271' title='bbox 1025 3779 1195 3844; x_wconf 88' lang='lat' dir='ltr'>liberorum</span> <span class='ocrx_word' id='word_1_272' title='bbox 1230 3795 1353 3846; x_wconf 69' lang='lat' dir='ltr'>servasse.</span> 
     </span>
    </p>
   </div>
   <div class='ocr_carea' id='block_1_7' title="bbox 157 3875 1195 4049">
    <p class='ocr_par' dir='ltr' id='par_1_14' title="bbox 157 3875 1195 4049">
     <span class='ocr_line' id='line_1_36' title="bbox 157 3875 1195 3969; baseline 0 -23"><span class='ocrx_word' id='word_1_273' title='bbox 157 3884 379 3968; x_wconf 85' lang='lat' dir='ltr'>revolveretur,</span> <span class='ocrx_word' id='word_1_274' title='bbox 413 3905 477 3948; x_wconf 92' lang='lat' dir='ltr'>non</span> <span class='ocrx_word' id='word_1_275' title='bbox 510 3883 597 3948; x_wconf 91' lang='lat' dir='ltr'>aliud</span> <span class='ocrx_word' id='word_1_276' title='bbox 630 3885 827 3969; x_wconf 89' lang='lat' dir='ltr'>prolocutum</span> <span class='ocrx_word' id='word_1_277' title='bbox 852 3884 1013 3948; x_wconf 91' lang='lat' dir='ltr'>Vitellium</span> <span class='ocrx_word' id='word_1_278' title='bbox 1044 3902 1139 3964; x_wconf 91' lang='lat' dir='ltr'>quam</span> <span class='ocrx_word' id='word_1_279' title='bbox 1165 3875 1195 3946; x_wconf 83' lang='lat' dir='ltr'>to</span> 
     </span>
     <span class='ocr_line' id='line_1_37' title="bbox 210 3988 1091 4049; baseline -0.001 -12"><span class='ocrx_word' id='word_1_280' title='bbox 210 3995 305 4039; x_wconf 62' lang='lat' dir='ltr'>dunelm</span> <span class='ocrx_word' id='word_1_281' title='bbox 318 3996 353 4039; x_wconf 74' lang='lat' dir='ltr'>oct</span> <span class='ocrx_word' id='word_1_282' title='bbox 366 3995 456 4040; x_wconf 57' lang='lat' dir='ltr'>accitus.</span> <span class='ocrx_word' id='word_1_283' title='bbox 470 3996 499 4038; x_wconf 90' lang='lat'>11.</span> <span class='ocrx_word' id='word_1_284' title='bbox 515 3995 555 4046; x_wconf 71' lang='lat' dir='ltr'>(ib.</span> <span class='ocrx_word' id='word_1_285' title='bbox 564 3994 648 4049; x_wconf 57' lang='lat' dir='ltr'>&amp;reuma</span> <span class='ocrx_word' id='word_1_286' title='bbox 658 3995 681 4037; x_wconf 84' lang='lat' dir='ltr'>iu</span> <span class='ocrx_word' id='word_1_287' title='bbox 689 3995 779 4049; x_wconf 59' lang='lat' dir='ltr'>tristia.)</span> <span class='ocrx_word' id='word_1_288' title='bbox 1075 3988 1091 4034; x_wconf 83' lang='lat'><strong>2</strong></span> 
     </span>
    </p>
   </div>
   <div class='ocr_carea' id='block_1_8' title="bbox 0 0 1496 4275">
    <p class='ocr_par' dir='ltr' id='par_1_15' title="bbox 0 0 1496 4275">
     <span class='ocr_line' id='line_1_38' title="bbox 0 0 1496 4275; baseline 0 0"><span class='ocrx_word' id='word_1_289' title='bbox 0 0 1496 4275; x_wconf 95' lang='lat' dir='ltr'> </span> 
     </span>
    </p>
   </div>
  </div>
 </body>
</html>
