2984 4275
478 171 658 228 1110818.
682 170 785 239 porr.
799 173 841 227 65.
1119 158 1181 222 145

135 342 319 426 anteferret,
344 363 474 408 oausam
496 365 560 408 non
582 344 749 429 habuisse3
780 365 839 410 nee
863 346 923 411 sibi
945 356 1126 432 promptum
1147 349 1180 412 in

135 448 336 513 adulationes
358 447 531 531 ingenium.
569 448 666 530 idque
688 449 768 514 nulli
795 449 898 532 magis
926 471 1061 532 gnarum
1084 472 1180 532 qnam

135 552 264 633 Neroni,
298 553 352 633 qui
375 553 502 635 saepius
524 552 706 617 libertatem
733 553 875 618 Senecae
898 574 994 635 quam
1020 556 1179 620 servitium

136 663 287 739 expertus
310 662 402 720 esset.
440 657 496 721 ubi
518 657 598 721 haec
620 677 640 720 a
663 658 789 722 tribuno
812 658 912 722 relata
935 665 1009 723 sunt
1032 661 1180 743 Poppaea

136 767 168 824 et
181 760 341 842 Tigellino
361 779 476 841 coram,
501 760 586 842 quod
609 768 676 825 erat
699 762 854 827 saevienti
876 762 1010 846 principi
1033 763 1180 827 intimum

137 864 348 944 consiliorum,
379 865 560 947 interrogat,
589 885 632 929 an
656 864 778 930 Seneca
806 865 1016 930 voluntariam
1047 874 1180 931 mortem

136 975 271 1051 pararet.
295 975 363 1031 tum
385 968 530 1032 tribunus
553 970 641 1033 nulla
664 970 790 1052 pavoris
812 969 912 1051 signa,
936 969 1014 1033 nihil
1037 972 1124 1034 triste
1146 973 1180 1035 in

136 1071 242 1136 verbis
257 1071 326 1136 eius
341 1079 397 1136 aut
411 1073 501 1135 vultu
517 1071 707 1155 deprensum
730 1072 941 1138 confirmavit.
966 1093 1040 1157 ergo
1056 1075 1181 1156 regredi

136 1183 168 1240 et
190 1176 332 1240 indicere
355 1183 489 1240 mortem
511 1176 646 1241 iubetur.
685 1175 783 1241 tradit
805 1178 923 1242 Fabius
948 1178 1095 1242 Rusticus
1117 1198 1180 1243 non

137 1300 183 1362 eo,
213 1299 276 1362 quo
302 1286 444 1360 venerat,
476 1280 588 1344 itinere
611 1279 746 1345 reditum
772 1279 949 1363 festinasse,
975 1282 1032 1346 sed
1054 1280 1180 1347 flexisse

135 1385 177 1448 ad
200 1384 356 1448 Faenium
378 1384 584 1467 praefectum,
609 1390 641 1448 et
668 1384 818 1466 expositis
840 1383 983 1449 Caesaris
1012 1385 1113 1467 iussis,
1137 1406 1180 1450 an

135 1489 379 1571 obtemperaret,
403 1488 655 1571 interrogavisse,
685 1489 902 1569 monitumque
926 1489 967 1552 ab
992 1508 1039 1572 eo,
1069 1495 1103 1552 ut
1127 1509 1190 1553 err-¹

136 1598 331 1674 sequeretur,
355 1591 447 1656 fatali
468 1593 610 1656 omnium
632 1592 772 1674 ignavia.
797 1612 872 1656 nam
887 1598 919 1656 et
935 1592 1083 1658 Silvanus
1096 1594 1179 1658 inter

136 1698 317 1761 coniuratos
340 1703 408 1760 erat
430 1696 633 1778 augebatque
655 1695 784 1779 scelera,
814 1696 847 1760 in
872 1717 1003 1778 quornm
1026 1697 1179 1762 ultionem

136 1806 348 1865 consenserat.
372 1801 442 1864 voci
463 1806 572 1864 tamen
588 1806 620 1863 et
634 1800 778 1884 aspectui
793 1801 933 1884 pepercit
947 1801 1179 1882 intromisitque

136 1905 178 1969 ad
205 1905 364 1969 Senecam
392 1924 493 1968 unum
523 1924 563 1968 ex
593 1904 840 1985 centurionibus,
873 1905 927 1986 qui
954 1905 1179 1969 necessitatem

137 2010 281 2074 ultimam
304 2007 515 2072 denuntiaret.
720 1991 723 1996 ⁵

241 2112 293 2178 62.
316 2112 374 2177 1110
396 2112 557 2177 interritus
579 2111 680 2197 poscit
702 2111 884 2176 testamenti
906 2111 1048 2194 tabulas,
1073 2132 1110 2176 ac
1126 2111 1178 2176 de·
1206 2127 1261 2174 aaa
1275 2130 1344 2184 reeta

136 2226 275 2303 negante
297 2220 480 2283 centurione
503 2237 674 2282 conversus
697 2217 740 2281 ad
763 2217 892 2300 amicos,
917 2216 1044 2299 quando
1060 2217 1178 2281 meritis
1196 2197 1298 2313 ss‘llssffi
1313 2201 1354 2245 ¹¹¹¹*

136 2345 244 2389 eorum
268 2322 385 2387 referre
407 2324 542 2405 gratiam
564 2320 792 2405 prohiberetur,
825 2320 909 2402 quod
936 2340 1036 2383 unum
1058 2320 1122 2383 iam
1146 2328 1178 2385 et
1215 2338 1335 2391 accarca

135 2437 244 2493 tamen
267 2427 513 2510 pulcherrimum
535 2425 662 2509 habeat,
685 2426 859 2508 imaginem
882 2426 967 2489 vitae
989 2445 1065 2488 suae
1087 2424 1177 2488 relin-

135 2552 232 2613 quere
256 2537 399 2613 testatur,
423 2532 512 2595 cuius
535 2531 560 2594 si
581 2550 737 2594 memores
753 2537 867 2613 essent,
892 2528 1047 2593 bonarum
1062 2530 1178 2593 artium

135 2636 257 2700 famam
280 2635 416 2698 fructum
439 2635 612 2699 constantis
633 2634 794 2697 amicitiae
817 2634 946 2698 laturos.
974 2633 1067 2697 simul
1089 2632 1178 2695 lacri-

137 2760 204 2804 mas
236 2758 345 2803 eorum
377 2738 469 2802 modo
500 2757 655 2819 sermone,
686 2736 780 2801 modo
809 2737 959 2801 intentior
984 2737 1017 2799 in
1048 2735 1178 2800 modum

134 2843 308 2907 coercentis
337 2842 380 2905 ad
409 2841 633 2905 firmitudinem
661 2848 798 2924 revocat,
828 2841 980 2924 rogitans,
1013 2841 1068 2905 ubi
1090 2861 1177 2925 prac-

135 2957 229 3033 cepta
257 2948 441 3030 sapientiae,
469 2947 524 3011 ubi
551 2954 597 3010 tot
626 2966 682 3029 per
711 2966 812 3011 annos
839 2946 992 3010 meditata
1022 2946 1101 3010 ratio
1124 2946 1177 3009 ad-

136 3073 263 3117 versum
286 3052 509 3116 imminentia?
541 3052 593 3114 cui
615 3051 701 3115 enim
723 3050 868 3132 ignaram
892 3050 988 3114 fuisse
1011 3050 1177 3114 saevitiam

134 3154 296 3220 Neronis?
319 3174 423 3235 neque
445 3154 532 3219 aliud
554 3174 718 3237 superesse
741 3162 813 3238 post
834 3162 968 3219 matrem
982 3155 1177 3237 fratremque

135 3259 328 3343 interfectos,
360 3280 456 3342 quarn
486 3266 521 3323 nt
551 3258 729 3324 educatoris
758 3261 1035 3343 praeceptorisque
1065 3281 1176 3325 necem

135 3364 284 3429 adiceret.

177 3545 184 3552 ⁸
240 3468 291 3532 63.
328 3468 391 3533 Ubi
418 3467 498 3532 haeo
525 3475 622 3549 atque
649 3468 725 3531 talia
748 3469 835 3532 velut
860 3468 894 3532 in
921 3488 1087 3531 commune
1115 3469 1175 3533 dis·
1194 3478 1224 3522 er
1238 3479 1351 3558 surpra

136 3573 242 3656 seruit,
275 3572 491 3654 complectitur·
512 3591 644 3635 uxorem
668 3578 700 3636 et
722 3572 886 3655 paululum
913 3570 1066 3636 adversus
1087 3592 1175 3655 prae·
1210 3548 1331 3670 Κξζξᾝῶ

136 3683 259 3741 sentem
292 3675 491 3740 formidinem
526 3675 663 3739 mollitus
689 3682 781 3757 rogat
812 3682 952 3756 oratque,
983 3681 1176 3758 temperaret
1211 3686 1336 3731 lituum·

136 3780 234 3844 dolori
264 3799 326 3843 neu
356 3786 521 3843 aeternum
549 3778 729 3861 susciperet,
764 3778 821 3843 sed
850 3778 883 3842 in
911 3779 1175 3861 contemplatione
1265 3821 1271 3826 -

136 3884 219 3948 vitae
246 3903 305 3968 per
326 3883 476 3947 virtutem
502 3890 593 3947 actae
620 3881 812 3947 desiderium
840 3882 944 3946 mariti
972 3882 1096 3948 solaciis
1123 3883 1175 3948 ho·

188 3996 287 4039 arcuatur
302 3996 338 4038 bea
351 3994 448 4038 accitae.
469 3995 498 4035 11.
517 3994 556 4045 (Θ.
566 3994 652 4048 &ratam
661 3994 683 4037 ia
694 3993 785 4048 lebria)
1041 3991 1072 4036 10
