2984 4275
277 131 318 195 70
496 149 545 201 Ab
565 163 681 201 excessu
700 147 967 217 D.AagustiX111
986 149 1098 202 aa-ro.

276 343 375 405 gesen
398 323 573 388 deiectione
597 323 779 406 Hyrcaniae
802 323 937 406 attineri,
961 321 1073 386 suadet
1095 321 1229 386 Tiridati
1251 342 1319 406 pre-

277 428 365 493 cibus
380 427 548 493 Caesarem
571 428 719 510 adgredi:
744 447 836 511 posse
859 428 905 491 illi
929 447 1062 509 regnum
1086 426 1199 491 stabile
1223 432 1254 490 et
1269 445 1320 490 res

275 531 456 597 incruentas
484 532 676 615 contingere,
705 532 732 595 si
761 533 878 596 omissa
906 550 962 615 spe
988 531 1161 613 longinqua
1188 537 1220 594 et
1249 549 1320 594 sera

276 641 476 719 praesentem
501 638 717 719 potioremque
740 641 931 717 sequeretur.

154 750 209 794 eeu
381 739 433 803 38.
464 740 618 804 Placitum
640 738 765 822 dehinc,
791 740 865 821 quia
889 739 1139 803 commeantibus
1160 740 1194 802 in
1217 738 1319 801 ricem

107 820 255 943 affixo
278 843 398 908 nuntiis
425 843 502 906 nihil
530 844 564 906 in
592 864 748 907 summam
775 844 864 927 pacis
895 842 1127 927 proficiebatur,
1154 841 1320 923 conloquio

156 959 210 1003 aare
278 948 417 1032 ipsorum
440 954 566 1030 tempus
588 949 756 1030 locumque
772 947 934 1012 destinari.
959 947 1045 1011 mille
1069 946 1210 1030 equitum
1233 965 1320 1028 prae-

129 1028 234 1073 ΝΜ
279 1053 392 1117 eruum
414 1051 572 1117 necares
596 1050 706 1116 adfore
728 1051 790 1116 sibi
813 1051 956 1116 otachar:
981 1058 1136 1134 quantum
1151 1050 1320 1115 corsuum

278 1157 428 1237 cuiusque
451 1156 576 1237 generis
606 1155 742 1219 militum
771 1155 948 1240 adsisteret,
976 1175 1040 1219 non
1067 1161 1215 1237 statuere,
1244 1155 1320 1218 dum

278 1261 388 1346 positis
411 1260 516 1325 loricis
533 1266 564 1324 et
581 1260 680 1341 galeis
702 1258 867 1324 infaciem
892 1260 979 1343 pacis
993 1258 1163 1324 veniretur.
1187 1258 1321 1322 cuicum·

278 1386 339 1448 que
363 1364 551 1447 mortalium,
582 1363 699 1427 nedum
722 1365 823 1428 veteri
845 1371 877 1428 et
899 1362 1030 1447 provido
1053 1362 1135 1447 duci,
1164 1363 1321 1428 barbarae

277 1469 414 1533 astutiae
441 1469 629 1551 patuissent:
659 1466 731 1531 ideo
758 1475 862 1532 artum
888 1467 963 1532 inde
990 1487 1156 1531 numerum
1183 1466 1266 1531 finiri
1289 1473 1321 1530 et

278 1572 353 1636 hinc
383 1574 535 1637 maiorem
566 1571 679 1655 offeni,
715 1579 749 1635 ut
779 1571 870 1636 dolus
905 1577 1080 1656 pararetur,
1115 1592 1191 1635 nam
1223 1571 1321 1653 equiti

277 1677 464 1759 sagittarum
491 1695 550 1740 usu
580 1675 718 1740 exercito
747 1676 773 1739 si
801 1675 928 1741 detecta
955 1695 1085 1758 corpora
1112 1674 1319 1759 obicerentur,

277 1781 358 1845 nihil
378 1780 574 1865 profuturam
598 1780 845 1846 multitudinem.
878 1779 1075 1845 dissimulato
1098 1786 1206 1844 tamen
1229 1780 1320 1843 intel-

277 1887 361 1950 lectu
383 1884 499 1949 rectius
522 1883 562 1947 de
585 1883 633 1965 iis,
659 1904 739 1966 quae
761 1885 796 1947 in
820 1885 982 1967 publicum
1004 1884 1252 1967 consulerentur,
1276 1891 1320 1947 to·

277 1992 318 2054 tis
345 1988 536 2054 exercitibus
563 2007 670 2052 coram
702 1987 922 2053 dissertaturos
952 1988 1122 2071 respondit,
1154 1988 1321 2070 locumque
1391 1968 1398 1978 ’

277 2095 406 2178 delegit,
435 2094 523 2159 cuius
546 2112 621 2176 pars
644 2094 745 2158 altera
771 2093 867 2159 colles
898 2100 988 2158 erant
1019 2094 1188 2158 clementer
1213 2091 1322 2158 adsur-

277 2208 390 2283 gentes
412 2197 606 2283 accipiendis
628 2198 771 2281 peditnm
795 2198 967 2281 ordinibus,
997 2218 1069 2281 pars
1094 2199 1126 2262 in
1157 2198 1322 2282 planitiem

278 2305 498 2389 porrigebatur
513 2302 555 2366 ad
572 2303 779 2386 explicandas
792 2304 934 2386 equitum
947 2309 1076 2367 turmas.
1102 2302 1217 2384 dieque
1228 2308 1321 2386 pacto

278 2410 362 2493 prior
383 2408 518 2472 Corbulo
542 2407 644 2471 socias
667 2406 810 2471 cohortes
838 2412 869 2470 et
892 2407 1013 2470 auxilia
1039 2427 1150 2489 regum
1179 2425 1235 2490 pro
1257 2425 1321 2469 cor·

278 2515 381 2595 nibus,
409 2511 514 2575 medio
538 2516 661 2577 sextam
684 2511 843 2592 legionem
866 2512 1037 2594 constituit,
1066 2511 1117 2574 cui
1141 2510 1243 2573 accita
1265 2528 1322 2592 per

278 2623 403 2680 noctem
418 2615 497 2678 aliis
513 2634 553 2677 ex
578 2614 692 2678 castris
714 2615 776 2677 tria
798 2614 885 2678 milia
908 2616 1114 2678 tertianorum
1136 2612 1322 2696 permiscue-

278 2726 335 2804 rat,
372 2738 436 2783 una
470 2738 543 2782 cum
576 2718 692 2801 aquila,
724 2718 817 2801 quasi
850 2718 963 2782 eadem
997 2718 1080 2800 legio
1117 2722 1320 2801 spectaretur.

277 2823 434 2888 liridates
461 2829 613 2904 vergente
642 2824 706 2886 iam
733 2822 786 2886 die
814 2824 922 2906 procul
950 2822 1080 2905 adstitit,
1110 2821 1194 2885 unde
1221 2820 1323 2885 videri

278 2927 380 3009 magis
403 2946 500 3008 quam
527 2925 630 2990 audiri
657 2932 774 3009 posset.
813 2927 857 2989 ita
885 2927 953 2990 sine
978 2945 1148 3008 congressu
1175 2923 1241 2988 dux
1264 2924 1322 2987 Ro·

279 3049 392 3094 manus
414 3029 585 3094 abscedere
615 3030 744 3093 militem
773 3049 830 3094 sua
855 3049 1011 3111 quemque
1040 3030 1071 3092 in
1094 3037 1198 3093 castra
1223 3027 1321 3091 iubet.

122 3147 247 3197 erasarum
385 3134 435 3198 39.
459 3134 529 3197 Rex
553 3134 622 3198 sive
640 3133 786 3197 fraudem
802 3140 996 3217 suspectans,
1022 3134 1096 3215 quia
1118 3133 1209 3215 plura
1229 3131 1323 3196 simul

115 3215 253 3329 {mx}
278 3241 312 3304 in
335 3238 405 3303 loca
426 3237 541 3320 ibatur,
571 3238 638 3302 sive
663 3244 699 3301 ut
723 3243 919 3302 commeatus
945 3244 1069 3301 nostros
1092 3236 1220 3300 Pontico
1244 3234 1324 3298 mari

280 3349 312 3408 et
337 3343 536 3425 Trapezunte
565 3341 681 3425 oppido
708 3341 921 3406 adventantes
950 3341 1159 3424 interciperet,
1191 3357 1323 3421 propere

279 3445 421 3511 discedit.
446 3444 503 3509 sed
527 3464 632 3526 neque
654 3443 883 3508 commeatibus
898 3444 964 3508 vim
987 3443 1091 3507 facere
1113 3442 1224 3527 potuit,
1249 3443 1324 3524 quia

278 3571 335 3635 per
350 3555 473 3614 montes
497 3547 696 3613 ducebantur
710 3548 876 3632 praesidiis
899 3547 1013 3612 nostris
1034 3548 1181 3629 insessos,
1206 3553 1239 3610 et
1253 3545 1324 3610 Cor·

277 3655 362 3738 bnlo,
386 3674 427 3718 ne
441 3653 572 3717 inritum
588 3654 706 3718 bellum
721 3653 899 3717 traheretur
914 3659 1011 3734 utque
1027 3652 1193 3716 Armenios
1208 3649 1251 3714 ad
1266 3670 1325 3714 sua

278 3757 482 3822 defendenda
497 3765 634 3843 cogeret,
645 3757 830 3822 exscindere
846 3763 939 3841 parat
954 3757 1086 3821 castella
1098 3756 1229 3837 sibique,
1241 3753 1326 3836 quod

277 3861 506 3928 validissimum
532 3862 566 3924 in
594 3881 632 3926 ea
658 3861 868 3946 praefectura,
901 3867 1110 3943 cognomento
1132 3858 1323 3938 Volandum,
