2984 4275
129 879 190 934 {tetis
202 880 246 930 cut

132 949 245 994 damnant

124 1018 256 1071 torculetur

139 1088 241 1139 nasuta

127 1156 151 1202 tu
164 1155 250 1210 ustor,

155 1226 228 1278 uelut

123 1296 253 1340 ueniretur

121 1360 257 1410 castellot.

139 3368 242 3423 betuaci

121 3439 145 3483 lu
158 3438 259 3484 tultum.

282 152 326 216 44
510 169 560 224 Ab
580 184 695 224 excessu
713 169 747 223 D.
759 168 887 238 Augusti
906 169 962 222 XII
980 172 1091 225 53-57.

282 343 433 427 principis
455 343 568 410 haberi
589 344 714 409 sineret.
742 343 945 409 adseveravit
967 342 1117 408 Claudius
1139 348 1322 407 contentum

282 447 400 512 honore
422 448 601 513 Pallantem
628 448 711 512 intra
733 448 870 532 priorem
897 453 1118 532 paupertatem
1140 446 1321 512 subsistere.

284 559 315 616 et
337 551 436 617 fixum
460 561 508 617 est
530 573 603 618 aere
626 552 752 637 publico
780 558 909 617 senatus
930 552 1115 635 consultum,
1143 570 1205 632 quo
1232 550 1323 615 liber-

283 655 368 721 tinus
391 657 524 722 sestertii
546 663 595 721 ter
611 656 736 721 miliens
759 676 918 739 possessor
940 656 1089 738 antiquae
1111 654 1323 739 parsimoniae

283 760 430 825 laudibus
452 762 680 827 cumulabatur.

388 865 441 931 54.
475 867 518 930 At
547 887 609 931 non
640 867 736 930 frater
766 866 843 950 eius,
878 870 1086 947 cognomento
1119 863 1220 945 Felix,
1254 861 1324 946 pari

286 969 499 1035 moderatione
526 970 653 1052 agebat,
684 969 902 1053 iampridem
932 968 1086 1047 Iudaeae,
1101 967 1265 1050 impositus
1292 973 1324 1030 et

285 1080 400 1138 cuncta
427 1073 598 1138 malefacta
625 1072 684 1137 sibi
711 1075 832 1157 inpune
859 1079 947 1138 ratus
973 1079 1065 1137 tanta
1090 1071 1232 1155 potentia
1255 1070 1325 1135 sub·

285 1177 369 1241 nixo.
403 1196 480 1241 sane
502 1177 714 1260 praebuerant
736 1176 847 1241 Iudaei
871 1177 1009 1260 speciem
1032 1181 1134 1240 motus
1156 1180 1224 1239 orta
1246 1173 1325 1238 sedi·

284 1280 379 1364 tione,
401 1285 628 1364 postquam...
654 1281 780 1363 cognita
803 1270 993 1346 caede'eius
1015 1280 1102 1344 haud
1123 1279 1321 1362 obtempera-

284 1390 350 1448 tum
381 1390 475 1468 esset,
506 1384 657 1449 manebat
686 1390 798 1469 metus,
835 1405 875 1448 ne
906 1384 975 1468 quis
1004 1383 1181 1467 principum
1211 1382 1324 1446 eadem

282 1487 485 1571 imperitaret.
524 1494 619 1568 atque
647 1487 776 1552 interim
803 1488 895 1552 Felix
923 1486 1155 1570 intempestivis
1177 1484 1325 1550 remediis

283 1590 398 1654 delicta
413 1591 618 1673 ascendebat,
636 1592 760 1656 aemulo
776 1592 819 1656 ad
834 1589 1161 1656 deterrimaVentidio
1172 1589 1323 1671 Cumano,

283 1695 333 1759 cui
361 1714 434 1778 pars
461 1695 644 1779 provinciae
671 1694 861 1780 habebatur,
891 1695 937 1759 ita
964 1694 1082 1776 divisis
1110 1701 1145 1757 ut
1167 1693 1240 1756 huic
1263 1692 1323 1757 Ga-

283 1801 447 1866 lilaeorum
467 1800 563 1882 natio,
588 1801 684 1865 Felici
700 1799 877 1865 Samaritae
893 1805 1050 1884 parerent,
1074 1796 1233 1863 discordes
1249 1796 1324 1861 olim

284 1911 316 1969 et
340 1912 408 1968 tum
432 1910 615 1987 contemptu
630 1904 808 1986 regentium
830 1904 934 1968 minus
957 1902 1098 1968 coercitis
1113 1901 1202 1966 odiis.
1229 1900 1325 1982 igitur

283 2017 408 2091 raptare
430 2007 513 2072 inter
534 2027 578 2090 se,
607 2008 777 2072 immittere
804 2008 962 2072 latronum
989 2007 1109 2089 globos,
1138 2023 1325 2088 componere

283 2110 413 2177 insidias
429 2117 461 2176 et
476 2110 649 2193 aliquando
672 2111 799 2195 proeliis
814 2109 975 2194 congredi,
998 2110 1160 2195 spoliaque
1183 2117 1214 2174 et
1237 2127 1325 2192 prae-

285 2216 342 2280 das
370 2215 412 2279 ad
439 2222 655 2298 procuratores
682 2215 809 2279 referre.
849 2214 945 2295 hique
971 2214 1072 2298 primo
1098 2212 1219 2297 laetari,
1251 2231 1325 2275 mox

284 2319 437 2401 gliscente
460 2318 598 2402 pernicie
615 2338 686 2382 cum
709 2337 799 2381 arma
823 2319 957 2382 militum
980 2317 1217 2399 interiecissent,
1241 2315 1326 2379 caesi

286 2423 416 2505 milites;
441 2421 633 2503 arsissetque
656 2421 740 2486 bello
764 2422 936 2506 provincia,
960 2422 993 2486 ni
1013 2421 1193 2498 Quadratus
1215 2419 1326 2485 Suriae

284 2534 386 2591 rector
416 2525 625 2590 subvenisset.
673 2545 732 2609 nec
763 2526 818 2590 diu
849 2525 1000 2590 adversus
1030 2526 1174 2609 Iudaeos,
1210 2524 1263 2608 qui
1292 2524 1326 2587 in

284 2648 396 2693 necem
419 2627 554 2691 militum
576 2635 794 2712 proruperant,
817 2629 1007 2713 dubitatum,
1031 2629 1107 2710 quin
1130 2629 1234 2711 capite
1256 2648 1327 2711 poe·

284 2752 344 2797 nas
366 2733 503 2796 luerent:
527 2731 687 2796 Cumanus
710 2739 741 2797 et
761 2733 851 2797 Felix
874 2733 1107 2798 cunctationem
1129 2733 1326 2816 adferebant,

285 2836 360 2918 quia
375 2834 524 2899 Claudius
540 2835 644 2900 causis
659 2836 839 2901 rebellionis
862 2837 977 2901 auditis
992 2837 1040 2901 ius
1055 2836 1214 2901 statuendi
1230 2836 1328 2900 etiam

286 2939 325 3003 de
348 2938 601 3022 procuratoribus
624 2939 765 3004 dederat.
801 2939 857 3004 sed
881 2938 1063 3016 Quadratus
1085 2940 1224 3004 Felicem
1245 2938 1329 3003 inter

285 3042 407 3107 iudices
435 3042 614 3126 ostentavit,
642 3050 804 3127 receptum
830 3043 865 3107 in
893 3044 1039 3128 tribunal,
1068 3063 1129 3125 quo
1152 3042 1257 3108 studia
1279 3063 1329 3106 ac·

287 3146 466 3211 cusantium
489 3145 734 3232 deterrerentur;
768 3147 998 3230 damnatusque
1020 3147 1221 3231 flagitiorum,
1246 3166 1329 3230 quae

287 3251 349 3315 duo
378 3249 586 3336 deliquerant,
616 3251 785 3334 Cumanus,
814 3259 847 3316 et
870 3252 958 3335 quies
986 3251 1168 3335 provinciae
1195 3251 1327 3316 reddita.

391 3355 443 3419 55.
477 3356 545 3419 Nec
576 3357 674 3419 multo
706 3363 776 3438 post
810 3355 983 3438 agrestium
1012 3355 1144 3420 Cilicum
1174 3355 1329 3437 nationes,

287 3459 402 3542 quibus
417 3458 578 3524 Cietarum
594 3466 847 3543 cognomentum,
872 3479 967 3543 saepe
990 3467 1022 3525 et
1042 3460 1120 3524 alias
1142 3466 1329 3541 commotae,

288 3570 363 3627 tunc
378 3563 559 3628 Troxobore
575 3562 656 3627 duce
672 3570 796 3627 montes
819 3583 949 3646 asperos
972 3563 1083 3628 eastris
1099 3582 1211 3646 cepere
1234 3569 1331 3644 atque

287 3667 361 3733 iude
389 3665 523 3731 decursu
549 3666 583 3730 in
611 3667 703 3732 litora
730 3673 785 3731 aut
812 3667 907 3732 urbes
929 3666 994 3731 vim
1021 3667 1193 3732 cultoribus
1219 3672 1252 3732 et
1279 3687 1332 3749 op-

287 3771 413 3856 pidanis
436 3791 474 3836 ac
497 3772 682 3855 plerumque
704 3771 739 3835 in
755 3778 944 3836 mercatores
960 3780 992 3836 et
1007 3771 1217 3837 navicularios
1239 3770 1332 3836 aude·

288 3876 374 3940 bant.
413 3876 604 3956 obsessaque
627 3874 741 3940 civitas
764 3875 1010 3957 Anemuriensis,
1035 3882 1067 3940 et
1090 3876 1176 3941 missi
1200 3897 1217 3940 e
1240 3874 1333 3940 Suria
