2984 4275
316 179 379 242 160
535 194 586 248 Ab
605 210 723 249 excessu
741 194 774 248 D.
788 194 916 263 Augusti
935 194 1005 249 XVI
1025 197 1135 251 18-22.

154 367 282 421 sanetur
421 370 471 437 18.
495 371 543 434 De
566 369 712 434 Petronio
735 388 838 452 pauca
859 388 956 450 supra
976 367 1150 452 repetenda
1173 377 1255 436 sunt.
1283 393 1356 436 nam

165 437 270 560 {aaz
315 475 360 539 illi
383 475 450 540 dies
472 495 530 559 per
551 494 707 555 somnum,
731 494 796 538 nox
820 473 933 538 officiis
956 481 987 538 et
1010 474 1250 540 oblectamentis
1273 478 1357 540 vitae

196 576 244 621 ”⁰¹¹
314 578 563 663 transigebatur;
586 586 684 659 utque
700 577 779 642 alios
801 577 967 661 industria,
990 578 1036 641 ita
1057 577 1141 642 hune
1163 579 1295 661 ignavia
1317 581 1358 645 ad

161 645 282 759 willa?
314 684 432 748 famam
455 684 637 766 protulerat,
660 683 902 763 habebaturque
919 703 982 746 non
998 702 1101 763 ganeo
1117 688 1149 746 et
1163 682 1356 769 profligator,

1473 2047 1476 2097 l

159 784 277 837 assuas,
314 794 349 851 ut
370 787 513 870 plerique
536 806 594 851 sua
617 785 838 866 haurientium,
862 785 919 850 sed
943 787 1066 850 erudito
1089 787 1174 851 luxu.
1211 808 1249 852 ao
1273 788 1358 853 diota

313 891 463 973 factaque
486 891 554 955 eius
574 896 692 970 quanto
716 890 866 954 solutiora
882 897 914 954 et
930 891 1092 971 quandam
1115 890 1163 955 sui
1185 892 1357 974 neglegen-

313 995 391 1060 tiam
413 994 638 1078 praeferentia,
672 1000 762 1058 tanto
784 994 904 1075 gratius
929 994 963 1058 in
986 995 1125 1077 speciem
1147 994 1359 1078 simplicitatis

313 1099 560 1182 accipiebantur.
584 1117 641 1181 pro
658 1099 786 1162 consule
801 1105 908 1162 tamen
924 1099 1095 1181 Bithyniae
1111 1104 1143 1162 et
1157 1119 1231 1163 mox
1247 1102 1359 1165 consul

312 1204 473 1285 vigentem
496 1223 530 1269 se
553 1222 590 1266 ao
613 1223 722 1285 parem
752 1203 887 1285 negotiis
911 1202 1059 1267 ostendit,
1098 1201 1172 1267 dein
1194 1205 1358 1269 revolutus

313 1308 355 1371 ad
370 1307 447 1371 vitia
469 1327 526 1371 seu
546 1307 692 1372 vitiorum
711 1307 888 1371 imitatione
910 1307 993 1371 inter
1014 1327 1130 1391 pancos
1150 1307 1355 1372 familiarium

312 1412 432 1475 Neroni
465 1411 651 1494 adsumptus
686 1415 743 1494 est,
781 1411 960 1493 elegantiae
997 1411 1123 1495 arbiter,
1162 1411 1239 1474 durn
1276 1413 1356 1476 nihil

313 1536 482 1580 maoenum
504 1522 536 1579 et
558 1515 652 1578 molle
674 1514 852 1579 adfluentia
874 1522 974 1599 putat,
1006 1516 1066 1579 nisi
1089 1515 1174 1595 quod
1199 1516 1229 1579 ei
1251 1517 1356 1580 Petro-

313 1621 384 1685 nius
407 1619 654 1703 adprobavisset.
679 1620 764 1683 unde
784 1620 905 1684 invidia
919 1620 1068 1700 Tigellini
1090 1619 1179 1701 quasi
1202 1620 1356 1685 adversus

313 1726 471 1789 aemulum
496 1731 527 1788 et
550 1724 682 1788 scientia
704 1724 903 1807 voluptatum
926 1724 1089 1806 potiorem.
1125 1744 1199 1805 ergo
1223 1725 1354 1789 erudeli-

314 1837 410 1893 tatem
426 1828 583 1913 principis,
602 1828 652 1891 cui
668 1834 794 1893 ceterae
809 1828 959 1892 libidines
975 1827 1142 1911 cedebant,
1159 1829 1352 1912 adgreditur,

312 1934 484 1997 amicitiam
506 1932 654 1997 Scaevini
676 1934 824 1997 Petronio
847 1933 1020 2014 obiectans,
1045 1939 1189 2016 corrupto
1212 1933 1253 1997 ad
1277 1933 1354 1997 indi-

313 2038 396 2102 cium
423 2056 514 2101 servo
541 2035 754 2120 ademptaque
782 2036 967 2100 defensione
998 2043 1031 2100 et
1054 2036 1172 2101 maiore
1194 2047 1286 2120 parte
1309 2036 1353 2101 fa-

312 2142 419 2206 miliae
442 2142 474 2206 in
497 2142 602 2206 vincla
625 2149 726 2225 rapta.

144 2250 209 2304 tosa
223 2262 245 2297 et
259 2252 295 2305 tu
419 2246 468 2311 19.
492 2247 587 2310 Forte
610 2246 670 2310 illis
692 2245 807 2310 diebus
825 2245 1034 2328 Campaniam
1056 2245 1211 2328 petiverat
1226 2245 1353 2327 Caesar,

156 2321 189 2366 ³⁶⁸
202 2323 281 2367 m
313 2360 345 2416 et
371 2352 487 2416 Cumas
514 2371 615 2433 usque
645 2369 828 2434 progressus
857 2350 1022 2415 Petronius
1053 2350 1119 2413 illio
1145 2349 1354 2433 attinebatur;

312 2476 370 2520 neo
393 2456 465 2519 tulit
485 2457 567 2519 ultra
590 2455 709 2518 timoris
732 2461 788 2519 aut
803 2455 872 2538 spei
886 2475 999 2518 moras.
1024 2474 1126 2535 neque
1141 2461 1250 2518 tamen
1266 2473 1356 2537 prae-

311 2580 385 2642 ceps
408 2559 507 2623 vitam
530 2560 660 2642 expulit,
692 2553 749 2623 sed
776 2559 893 2623 incisas
916 2579 1024 2642 venas,
1055 2564 1091 2622 ut
1111 2558 1248 2640 libitum,
1279 2557 1356 2621 obli-

311 2671 403 2746 gatas
430 2662 552 2745 aperire
579 2682 699 2726 rursum
726 2670 758 2727 et
784 2663 914 2745 adloqui
942 2663 1069 2745 amieos,
1101 2682 1165 2726 non
1189 2681 1245 2744 per
1273 2662 1357 2725 seria

310 2773 365 2831 aut
388 2767 502 2846 quibus
524 2767 657 2849 gloriam
681 2767 879 2832 constantiae
902 2774 1034 2850 peteret.
1073 2766 1285 2846 audiebatque
1308 2785 1353 2829 re-

310 2871 457 2951 ferentes,
481 2870 560 2934 nihil
582 2870 622 2934 de
644 2871 870 2935 inmortalitate
893 2870 1019 2935 animae
1035 2877 1066 2933 et
1081 2869 1271 2952 sapientium
1287 2871 1354 2953 pla-

310 2975 389 3054 citis,
413 2974 470 3038 sed
493 2974 576 3038 levia
599 2975 741 3038 carmina
764 2980 796 3038 et
817 2975 928 3038 faciles
943 2993 1062 3038 versus
1087 2993 1250 3038 servorum
1273 2973 1354 3038 alios

309 3078 486 3160 largitione,
502 3078 656 3157 quosdam
672 3078 857 3143 verberibus
872 3077 1000 3142 adfecit.
1025 3075 1094 3141 iniit
1109 3078 1226 3159 epulae,
1242 3095 1354 3140 somno

309 3182 448 3263 indulsit,
474 3191 507 3246 ut
523 3202 715 3264 quamquam
739 3189 850 3247 coacta
872 3202 955 3248 mors
970 3181 1119 3245 fortuitae
1135 3182 1244 3245 similis
1260 3187 1352 3245 esset.

309 3308 350 3352 ne
366 3287 517 3352 codicillis
533 3288 671 3372 quidem,
695 3288 780 3369 quod
799 3287 942 3371 plerique
957 3286 1166 3370 pereuntium,
1190 3286 1352 3349 Neronem
1474 3291 1475 3374 ,

309 3399 363 3456 aut
385 3391 576 3474 Tigellinum
599 3399 655 3455 aut
678 3413 772 3474 quem
796 3393 894 3456 aliurn
916 3391 1092 3475 potentium
1116 3389 1265 3454 adulatus
1288 3396 1352 3453 est:
1474 3377 1475 3462 j

309 3496 366 3561 sed
387 3494 509 3578 flagitia
536 3495 687 3579 principis
710 3498 769 3560 sub
794 3496 975 3560 nominibus
1003 3495 1198 3559 exoletorum
1221 3492 1353 3556 femina-

308 3619 441 3680 rumque
471 3605 503 3663 et
529 3599 705 3663 novitatem
738 3600 890 3681 cuiusque
920 3599 1019 3682 stupri
1051 3596 1229 3681 perscripsit
1256 3603 1353 3676 atque

309 3704 476 3786 obsignata
499 3703 585 3766 misit
606 3704 735 3768 Neroni.
775 3704 934 3785 fregitque
957 3703 1097 3784 anulum,
1120 3721 1161 3766 ne
1184 3721 1258 3766 mox
1281 3699 1353 3765 usui

310 3814 393 3872 esset
414 3807 457 3870 ad
478 3805 627 3869 facienda
649 3808 797 3889 pericula.
