2984 4275
483 223 507 260 a.
520 207 553 261 u.
566 222 589 261 c.
602 210 661 264 aoa
685 223 711 274 p.
726 206 789 262 cur.
802 210 844 263 so.
1140 192 1182 256 35

142 399 217 464 opes
240 384 365 445 nostras
388 380 566 463 sprevisset.
591 399 631 445 ne
647 381 768 445 Romae
785 381 912 465 quidem
935 381 1076 464 ignobile
1091 381 1181 446 Gara-

143 485 205 549 taoi
233 504 350 549 nomeu
378 491 460 569 erat;
493 490 525 548 et
551 483 667 549 Caesar
693 484 769 549 dum
800 505 892 550 suum
922 485 1019 551 decus
1050 487 1180 568 extollit,

142 587 267 653 addidit
300 587 434 670 gloriam
468 588 559 653 victo.
598 596 727 654 vocatus
761 589 878 673 quippo
914 596 949 654 ut
982 590 1025 653 ad
1057 590 1182 671 insigne

140 693 359 775 spectaculum
381 694 528 776 populus:
553 700 666 758 stetere
681 693 715 757 in
731 694 827 758 armis
847 693 1022 777 praetoriae
1038 693 1182 758 cohortes

141 816 266 880 eampo,
299 797 353 879 qui
383 804 486 862 castra
519 797 688 881 praeiacet.
727 804 804 861 tunc
832 797 1054 862 incedentibus
1087 797 1182 879 regiis

141 900 302 965 clientulis
324 901 481 985 phalerae,
505 909 630 985 torques
646 921 792 985 quaeque
814 902 907 967 bellis
931 902 1069 966 externis
1089 921 1182 985 quae-

139 1004 260 1069 siverat
286 1004 440 1084 traduota,
471 1026 545 1080 mox
579 1005 693 1070 fratres
728 1013 760 1070 et
794 1006 931 1070 coniunx
966 1013 997 1070 et
1024 1005 1098 1089 lilia,
1130 1026 1182 1089 po·

139 1115 260 1173 stremo
282 1108 350 1192 ipse
373 1115 556 1174 ostentatus.
580 1116 753 1173 ceterorum
775 1129 883 1192 preces
899 1108 1072 1192 degeneres
1094 1108 1182 1174 fuere
1249 1117 1254 1128 “

138 1232 184 1277 ex
207 1218 308 1277 metu:
332 1219 365 1276 at
387 1233 450 1277 non
466 1212 635 1277 Caratacus
658 1220 713 1277 aut
727 1213 816 1278 vultu
839 1212 974 1278 demisso
997 1220 1052 1278 aut
1074 1213 1181 1277 verbis

141 1315 388 1381 misericordiam
415 1316 585 1401 requirens,
617 1317 671 1382 ubi
697 1316 848 1382 tribunali
874 1316 1006 1400 adstitit,
1027 1317 1070 1394 ‚in
1097 1316 1181 1380 hunc

140 1420 272 1485 modum
293 1420 416 1484 locutus
438 1428 498 1485 cst:

247 1524 299 1589 37.
323 1516 368 1589 ‘Si
390 1531 509 1606 quanta
531 1524 679 1589 nobilitas
702 1531 732 1589 et
751 1524 877 1588 fortuna
899 1524 978 1588 mihi
999 1523 1067 1605 fuit,
1091 1530 1181 1588 tanta
1220 1537 1334 1582 mercna

140 1647 246 1693 rerum
274 1647 494 1711 prosperarum
521 1628 693 1693 moderatio
721 1626 842 1711 fuisset,
872 1629 990 1693 amicus
1017 1628 1120 1711 potius
1146 1629 1179 1692 in
1212 1605 1345 1728 audian„

139 1731 224 1796 hano
255 1733 367 1796 urbem
397 1752 491 1815 quam
522 1737 631 1815 eaptus
657 1731 826 1815 venissem,
858 1752 961 1814 neque
991 1731 1180 1814 dedignatus

137 1855 227 1900 esses
255 1835 348 1900 claris
376 1835 545 1899 maioribus
572 1843 683 1917 ortum,
715 1835 858 1919 plurimis
884 1835 1031 1918 gentibus
1057 1835 1180 1919 imperi·

138 1946 263 2005 tantem
286 1939 413 2004 foedere
435 1939 469 2003 in
484 1960 597 2023 paoem
619 1940 770 2023 accipere.
794 1959 944 2023 praesens
967 1958 1033 2003 sors
1051 1946 1180 2003 meant

139 2043 219 2107 mihi
241 2043 393 2126 informis,
419 2044 463 2108 sio
486 2043 544 2107 tibi
567 2043 735 2125 magnifica
758 2050 814 2107 est.
845 2042 943 2107 habui
965 2062 1062 2125 equos
1084 2042 1178 2125 viros,

137 2168 229 2212 arma
252 2168 343 2232 opes:
368 2148 442 2231 quid
465 2148 587 2232 mirum,
612 2149 639 2213 si
661 2149 741 2214 haec
763 2147 881 2212 invitus
903 2146 1017 2211 amisi?
1055 2168 1130 2210 nam
1153 2147 1180 2210 si

137 2272 196 2316 vos
218 2252 364 2316 omnibus
387 2252 568 2335 imperitare
590 2252 697 2336 vultis,
721 2251 870 2335 sequitur,
898 2256 932 2315 ut
953 2269 1062 2314 omnes
1085 2249 1180 2314 servi-

140 2362 242 2421 tutem
265 2357 445 2440 accipiant?
483 2358 510 2421 si
531 2358 636 2422 statim
659 2357 786 2422 deditus
807 2357 957 2439 traherer,
981 2377 1085 2439 neque
1108 2378 1180 2422 mea

136 2459 267 2524 fortuna
289 2479 391 2542 neque
413 2467 469 2525 tua
491 2461 590 2543 gloria
612 2461 821 2545 inclaruisset,
851 2466 883 2524 et
906 2460 1094 2543 supplicium
1116 2461 1180 2525 mei

137 2566 257 2631 oblivio
280 2574 476 2649 sequeretur:
501 2572 533 2629 at
548 2566 575 2631 si
589 2566 780 2632 incolumem
802 2564 988 2648 servaveris,
1014 2572 1178 2629 aeternum

136 2669 303 2753 exemplar
325 2669 512 2733 clementiae
535 2665 609 2734 ero.³
646 2669 687 2733 ad
710 2690 750 2734 ea
768 2669 884 2733 Caesar
906 2667 1033 2732 veniam
1055 2668 1179 2751 ipsique

135 2779 171 2836 et
192 2772 320 2855 coniugi
343 2780 375 2837 et
396 2772 545 2837 fratribus
567 2773 684 2837 tribuit.
724 2781 819 2855 atquc
841 2772 888 2835 illi
910 2770 1022 2836 vinclis
1044 2770 1179 2836 absoluti

136 2875 349 2959 Agrippinam
377 2896 511 2959 quoque,
542 2876 628 2940 haud
654 2877 763 2960 procul
791 2875 854 2940 alio
882 2880 1032 2957 suggestu
1059 2875 1178 2958 conspi-

137 2997 241 3059 cuam,
265 2978 366 3043 isdem
381 2979 494 3060 quibus
513 2979 687 3063 principem
702 2978 851 3043 laudibus
866 2978 1070 3060 gratibusque
1085 2998 1178 3043 vene-

136 3083 199 3147 rati
223 3089 305 3148 sunt
329 3104 447 3148 novum
470 3104 546 3149 sane
569 3090 599 3148 et
614 3085 754 3149 moribus
776 3091 918 3148 veterum
941 3084 1111 3168 insolitum,
1135 3085 1177 3150 fe·

137 3186 259 3251 minam
289 3187 388 3270 signis
416 3186 566 3251 Romanis
595 3187 788 3271 praesidere:
823 3187 892 3271 ipsa
919 3193 1020 3252 semet
1049 3188 1178 3271 partia

137 3288 310 3354 maioribus
332 3289 397 3354 suis
418 3289 542 3373 imperii
564 3289 683 3354 sociam
705 3289 836 3355 ferebat.

243 3391 295 3457 38.
319 3393 431 3457 Vocati
453 3393 585 3476 posthac
606 3400 710 3476 patres
730 3394 829 3457 multa
844 3399 876 3458 et
893 3392 1060 3474 magnifica
1082 3414 1177 3477 super
1224 3404 1324 3484 congrua

136 3495 324 3579 captivitate
346 3495 490 3561 Carataci
512 3497 698 3581 disseruere,
726 3518 830 3581 neque
857 3497 961 3561 minus
988 3496 1022 3560 id
1045 3498 1174 3581 clarum,
1194 3473 1351 3595 ,ugiffiw

137 3619 235 3680 quarn
264 3600 348 3683 quod
375 3599 555 3683 Syphacem
582 3601 616 3665 P.
640 3599 755 3684 Scipio,
786 3601 902 3664 Persen
929 3600 965 3664 L.
989 3599 1113 3683 Paulus,
1145 3609 1177 3667 et
1216 3610 1330 3664 intirim·

136 3704 164 3767 si
187 3703 241 3787 qui
264 3703 319 3767 alii
340 3703 463 3768 vinctos
485 3723 576 3786 reges
598 3704 713 3787 populo
736 3706 879 3768 Romano
902 3702 1076 3767 ostendere.
1106 3723 1176 3768 oen·
1193 3681 1352 3802 „„‡,³J;¹{‘„,

137 3814 245 3871 sentur
267 3806 390 3872 Ostorio
417 3806 569 3891 triumphi
595 3807 742 3891 insignia,
771 3807 925 3891 prosperis
952 3805 995 3869 ad
1021 3805 1055 3870 id
1081 3808 1175 3874 rebus
1207 3819 1337 3864 artronum.

139 3909 214 3994 cius,
239 3931 315 3975 mox
337 3910 503 3994 ambiguis,
527 3910 594 3975 sive
617 3917 721 3976 amoto
740 3911 903 3989 Carataco,
928 3910 1017 3991 quasi
1040 3909 1176 3976 debella-

1039 4014 1073 4062 3*
