2984 4275
465 208 490 245 a.
501 192 534 246 o.
547 207 571 245 ο.
584 193 672 261 cossa.
691 208 717 260 p.
730 190 794 245 our.
807 194 877 259 top.
1150 171 1190 234 37

150 367 263 451 cipuus
285 367 421 431 scientia
442 367 487 431 rei
514 366 659 431 militaris
680 365 843 450 Venutius,
871 386 889 430 e
910 367 1097 448 Brigantum
1119 364 1192 429 civi-

150 479 229 555 tate,
258 478 293 536 ut
316 491 411 555 supra
433 470 605 538 memoravi
626 469 770 554 fidusque
793 470 848 535 diu
870 479 902 534 et
924 470 1075 535 Romanis
1096 468 1192 533 armis

151 575 315 658 defensus,
329 595 401 639 cum
412 574 670 639 Cartimanduam
685 574 830 657 reginam
841 574 1041 638 matrimonio
1056 580 1191 656 teneret;

153 700 228 744 mox
258 685 326 744 orto
356 679 488 745 discidio
518 686 550 743 et
580 679 688 744 statim
717 679 802 744 bello
830 679 926 766 etiam
955 679 1106 744 adversus
1135 696 1193 741 nos

153 783 281 848 hostilia
301 783 458 848 induerat.
486 784 543 848 sed
565 783 666 867 primo
693 791 818 848 tantum
844 782 926 846 inter
947 782 1031 867 ipsos
1053 780 1193 846 certaba-

152 894 214 969 tur,
243 887 429 971 callidisque
450 887 676 952 Cartimandua
702 887 823 952 artibus
850 887 980 951 fratrem
1006 906 1044 951 ac
1070 885 1194 969 propin·

153 1011 234 1074 quos
256 991 385 1055 Venutii
412 992 586 1075 intercepit.
624 991 700 1056 inde
723 991 850 1056 accensi
872 991 987 1072 hostes,
1011 989 1193 1054 stimulante

154 1094 340 1178 ignominia,
364 1115 406 1159 ne
439 1094 578 1159 feminae
612 1095 742 1178 imperio
773 1094 990 1178 subderentur,
1024 1093 1132 1159 valida
1162 1098 1194 1157 et

153 1199 239 1263 lecta
260 1199 357 1263 armis
379 1198 527 1263 iuventus
549 1199 772 1281 regnum'eius
793 1198 959 1264 inuadunt.
998 1197 1081 1282 quod
1103 1196 1195 1261 nobis

154 1303 346 1387 praevisum,
374 1310 406 1367 et
427 1303 541 1367 missae
563 1303 682 1367 auxilio
710 1302 854 1367 cohortes
876 1323 950 1368 acre
976 1277 1128 1386 proelium
1152 1300 1194 1365 fe-

154 1426 236 1491 cere,
261 1407 348 1472 cuius
368 1406 461 1471 initio
483 1406 633 1490 ambiguo
654 1406 727 1471 finis
742 1407 854 1471 laetior
868 1406 936 1471 fuit.
959 1425 1063 1486 neque
1078 1404 1196 1489 dispari

155 1519 274 1577 eventu
295 1517 471 1595 pugnatum
486 1532 507 1576 a
521 1512 656 1595 legione,
680 1511 730 1576 cui
745 1509 875 1575 Caesius
896 1510 1014 1574 Nasica
1036 1515 1193 1594 praeerat,

156 1636 232 1679 nam
258 1615 381 1698 Didius,
409 1621 572 1680 senectute
599 1615 706 1698 gravis
732 1621 764 1679 et
790 1615 888 1679 multa
916 1614 1006 1698 copia
1032 1614 1194 1697 honorum,

156 1740 214 1803 per
228 1719 389 1785 ministros
412 1739 508 1802 agere
530 1726 561 1784 ct
576 1740 683 1783 arcere
705 1719 829 1783 hostem
851 1718 928 1783 satis
943 1718 1092 1782 habebat.
1115 1716 1196 1781 haec

157 1844 350 1907 quamquam
377 1844 397 1887 a
425 1823 547 1889 duobus
573 1844 629 1908 pro
656 1822 853 1906 praetoribus
881 1823 986 1905 plures
1013 1842 1069 1905 per
1095 1841 1196 1885 annos

157 1934 257 2011 gesta,
286 1927 443 2012 coniunxi,
474 1948 516 1992 ne
544 1927 646 1992 divisa
672 1926 759 1990 haud
786 1925 917 2009 perinde
944 1926 987 1989 ad
1013 1924 1195 1990 memoriam

157 2032 207 2096 sui
228 2032 385 2097 valerent:
410 2031 452 2095 ad
474 2038 651 2116 temporum
673 2031 817 2096 ordinem
839 2030 944 2096 redeo.

261 2240 314 2304 41.
356 2240 404 2305 Ti.
439 2239 570 2306 Claudio
602 2240 747 2323 quintum
775 2239 884 2304 Servio
914 2237 1058 2303 Cornelio
1089 2256 1196 2300 consu·
1223 2256 1280 2300 aaa
1295 2253 1365 2306 eruut

158 2344 242 2409 libus
271 2344 369 2409 virilis
406 2351 482 2427 toga
515 2345 634 2409 Neroni
671 2351 844 2428 maturata,
883 2363 945 2426 quo
982 2339 1196 2425 capessendae
1215 2324 1248 2369 'i‘
1261 2322 1370 2434 2152*

159 2448 205 2513 rei
235 2449 381 2531 publicae
411 2448 527 2514 habilis
554 2448 724 2513 videretur.
765 2454 795 2513 et
822 2448 938 2512 Caesar
964 2444 1197 2510 adulationibus
1215 2459 1372 2515 assuerunt

161 2559 290 2617 senatus
312 2554 415 2619 libens
438 2553 539 2635 cessit,
563 2561 598 2618 ut
621 2553 793 2617 vicensimo
816 2551 929 2617 aetatis
951 2571 1035 2615 anno
1059 2550 1198 2637 consula·
1215 2531 1373 2646 fflffi‘s

161 2663 228 2720 tum
254 2658 338 2722 Nero
364 2657 460 2721 iniret
487 2664 582 2739 atque
608 2657 735 2721 interim
762 2655 947 2738 designatus
977 2655 1199 2739 proconsulare

160 2759 329 2843 imperium
363 2768 452 2826 extra
484 2762 594 2826 urbem
627 2761 760 2826 haberet
789 2780 826 2840 ac
856 2760 1002 2844 princeps
1030 2759 1203 2825 iuventutis

162 2865 382 2948 appellaretur.
406 2865 550 2929 additum
571 2865 698 2929 nomine
714 2865 783 2931 eius
798 2864 984 2928 donatiuum
1008 2863 1108 2946 militi,
1133 2884 1204 2928 con·

162 2968 298 3051 giarium
320 2970 434 3053 plebei.
473 2976 505 3034 et
528 2969 647 3033 ludicro
671 2968 867 3050 circensium,
892 2966 976 3052 quod
999 2965 1204 3050 adquirendis

162 3072 251 3155 vulgi
281 3073 394 3138 studiis
423 3073 584 3156 edebatur,
616 3072 818 3137 Britannicus
847 3072 881 3136 in
912 3077 1089 3155 praetexta,
1119 3073 1204 3136 Nero

163 3177 349 3262 triumphali
376 3185 463 3243 veste
490 3177 624 3242 travecti
651 3184 738 3242 sunt:
774 3183 930 3260 spectaret
957 3176 1091 3259 populus
1121 3175 1205 3240 hunc

165 3281 278 3346 decore
299 3281 511 3366 imperatorio,
535 3281 625 3346 illum
647 3281 761 3364 puerili
783 3280 905 3362 habitu,
933 3299 972 3343 ac
994 3278 1124 3364 perinde
1147 3279 1205 3344 for·

165 3392 276 3449 tunam
310 3387 469 3469 utriusque
506 3393 728 3470 praesumeret.
774 3384 866 3451 simul
901 3383 955 3466 qui
989 3383 1205 3448 centurionum

165 3490 424 3573 tribunorumque
458 3496 574 3554 sortem
608 3471 786 3554 Britannici
818 3487 1057 3571 miserabantur,
1095 3486 1207 3552 remoti

165 3593 248 3658 fictis
271 3595 373 3658 causis
396 3601 427 3658 et
443 3594 497 3658 alii
518 3615 575 3678 per
590 3595 727 3677 speciem
750 3592 891 3677 honoris,
916 3592 1012 3656 etiam
1027 3591 1207 3654 libertorum

113 3686 117 3691 ’
166 3699 193 3762 si
221 3699 290 3780 quis
316 3698 497 3781 incorrupta
524 3697 598 3781 fide,
629 3699 799 3781 depellitur
825 3697 882 3760 tali
912 3695 1083 3760 occasione.
1122 3692 1208 3758 obvii

166 3802 249 3867 inter
271 3822 305 3867 se
320 3803 405 3866 Nero
422 3800 641 3867 Britannicum
664 3801 802 3883 nomine,
826 3800 878 3864 ille
900 3795 1073 3863 Domitium
1096 3796 1209 3860 saluta-

167 3926 252 3971 vere.
277 3906 361 3989 quod
384 3913 419 3971 ut
442 3905 619 3971 discordiae
641 3904 767 3969 initium
782 3901 959 3987 Agrippina
981 3900 1080 3965 multo
1097 3903 1209 3981 questu
