2984 4275
322 183 386 249 130
551 196 600 253 Ab
620 208 736 253 excessu
753 197 788 252 D.
800 196 926 265 Augusti
946 196 1000 251 XV
1019 198 1130 252 33-37.

321 380 381 456 tur,
411 371 507 437 etiam
535 372 668 437 militum
694 371 856 456 manipuli,
892 370 1063 436 theatrum>
1079 371 1362 456 Neapolitanorum

323 477 489 562 complent.
760 544 762 548 ,

181 596 278 650 escort
427 581 479 647 34.
514 581 593 666 Illic,
616 580 758 666 plerique
779 586 814 644 ut
836 580 1080 662 arbitrabantur,
1104 581 1202 663 triste,
1224 587 1260 645 ut
1281 581 1361 665 ipse,

149 666 307 782 ‘gssuss‘ffi
323 685 489 770 providum
526 686 630 769 potius
666 691 699 750 et
730 683 877 750 secundis
913 684 1096 749 numinibus
1129 685 1249 750 evenit:
1286 704 1364 748 nam

195 805 261 860 888
324 810 459 874 egresso,
483 791 537 872 qui
558 789 713 873 adfuerat,
736 788 852 873 populo
868 808 1003 853 vacuum
1025 795 1058 853 et
1078 788 1147 853 sine
1165 788 1259 854 ullius
1279 808 1364 853 noxa

150 875 305 920 mm·
322 895 482 959 theatrum
516 893 699 978 conlapsum
737 900 793 958 est.
839 912 914 976 ergo
950 913 1008 977 per
1040 893 1217 977 conpositos
1251 900 1364 957 cantus

322 1004 428 1083 grates
450 997 498 1063 dis
520 1005 617 1079 atque
638 997 742 1081 ipsam
765 998 901 1063 recentis
916 1016 1008 1062 casus
1023 997 1183 1063 fortunam
1198 996 1363 1062 celebrans

322 1104 537 1187 petiturusque
564 1101 660 1166 maris
686 1100 827 1166 Hadriae
855 1101 1003 1166 traiectus
1030 1099 1117 1185 apud
1142 1101 1364 1166 Beneventum

321 1205 447 1273 iuterim
475 1205 626 1287 consedit,
656 1205 712 1270 ubi
741 1205 963 1289 gladiatorium
986 1224 1101 1269 munus
1123 1224 1145 1268 a
1166 1204 1293 1270 Vatinio
1316 1224 1364 1268 ce-

321 1309 409 1375 lebre
446 1308 608 1375 edebatur.
653 1309 799 1376 Vatinius
835 1309 918 1375 inter
950 1309 1133 1374 foedissima
1170 1309 1237 1373 eius
1270 1309 1364 1373 aulae

323 1420 447 1479 ostenta
468 1413 538 1497 fuit,
561 1413 701 1478 sutrinae
723 1413 877 1478 tabernae
899 1415 1055 1495 alumnus,
1080 1432 1208 1497 corpore
1227 1412 1363 1494 detorto,

323 1517 446 1583 facetiis
467 1517 662 1601 scurrilibus3
685 1517 786 1601 primo
808 1518 841 1581 in
864 1517 1071 1583 contumelias
1093 1517 1288 1600 adsumptus,
1313 1516 1365 1581 de-

323 1622 398 1687 hinc
428 1622 539 1705 optimi
568 1623 719 1703 cuiusque
749 1622 965 1687 criminatione
994 1642 1032 1687 eo
1061 1640 1161 1702 nsque
1189 1621 1298 1702 valuit,
1330 1628 1366 1685 ut

325 1726 436 1810 gratia,
459 1727 605 1810 pecunia,
627 1727 661 1790 vi
682 1726 817 1791 nocendi
840 1727 937 1791 etiam
959 1727 1060 1790 malos
1081 1726 1301 1810 praemineret.

168 1843 296 1896 soranum
430 1830 481 1895 35.
515 1831 592 1895 Eius
619 1850 732 1895 munus
759 1830 974 1911 frequentanti
996 1830 1118 1895 Neroni
1144 1850 1185 1894 ne
1206 1829 1291 1894 inter
1313 1849 1365 1894 vo·

172 1912 289 2034 {m
326 1935 462 2018 luptates
489 1934 617 2016 quidem
644 1954 664 1999 a
690 1934 861 2000 sceleribus
888 1935 1078 2000 cessabatur.
1122 1933 1224 1998 isdem
1246 1934 1365 2017 quippe

158 2050 304 2102 sarsenatae
325 2038 387 2104 illis
409 2038 521 2104 diebus
542 2039 720 2120 Torquatus
743 2037 870 2103 Silanus
897 2039 975 2105 mori
997 2037 1145 2121 adigitur,
1177 2037 1252 2119 quia
1273 2057 1370 2122 super

164 2125 299 2175 mmm·
325 2143 436 2208 Iuniae
466 2143 605 2208 familiae
636 2142 856 2208 claritudinem
883 2143 991 2209 divum
1020 2144 1198 2226 Augustum
1227 2143 1369 2207 abavum

325 2248 457 2314 ferebat.
480 2248 557 2312 iussi
579 2256 779 2313 accusatores
799 2247 923 2312 obicere
946 2246 1114 2332 prodigum
1136 2246 1367 2331 largitionibus,

324 2372 429 2435 neque
451 2351 548 2416 aliam
571 2371 660 2435 spem
682 2370 779 2432 quam
801 2351 834 2416 in
856 2351 950 2416 rebus
973 2353 1063 2416 novis
1085 2370 1168 2415 esse:
1192 2351 1268 2433 quin
1293 2370 1366 2415 cum

324 2457 407 2521 inter
420 2455 548 2520 libertos
568 2455 695 2537 habere,
719 2475 797 2538 quos
819 2456 860 2520 ab
877 2455 1016 2539 epistulis
1038 2461 1071 2519 81
1092 2453 1207 2520 libellis
1229 2462 1261 2519 et
1276 2455 1368 2519 ratio-

325 2561 418 2626 nibus
441 2559 589 2644 appellet,
613 2560 741 2625 nomina
772 2579 914 2625 summae
943 2578 1037 2624 curae
1067 2567 1099 2624 et
1129 2558 1366 2623 meditamenta.

325 2670 393 2727 tum
415 2662 545 2728 intimus
560 2663 692 2746 quisque
715 2664 899 2728 libertorum
913 2664 1012 2728 vincti
1027 2662 1222 2746 abreptique.
1246 2669 1366 2728 etcum

325 2767 487 2831 damnatio
502 2767 642 2849 instaret,
662 2767 862 2833 brachiorum
876 2786 976 2832 venas
987 2767 1166 2849 Torquatus
1179 2765 1365 2831 interscidit.

324 2877 495 2952 secutaque
519 2872 655 2936 Neronis
685 2872 785 2937 oratio
815 2892 856 2936 ex
884 2892 978 2956 more,
1010 2870 1156 2953 quamvis
1184 2876 1310 2936 sontem
1336 2876 1368 2935 et

324 2974 501 3039 defensioni
524 2976 634 3041 merito
657 2975 797 3041 diffisum
822 2976 976 3040 victurum
998 2981 1105 3040 tamen
1128 2974 1234 3058 fuisse,
1258 2975 1286 3039 si
1309 2975 1367 3039 cle·

323 3079 473 3143 mentium
494 3078 607 3143 iudicis
632 3086 856 3163 exspectasset.

167 3195 224 3239 aas
239 3193 296 3247 altit
431 3182 482 3247 36.
521 3183 589 3248 Nec
624 3184 722 3248 multo
756 3190 827 3267 post
857 3184 973 3248 omissa
1002 3183 1036 3248 in
1066 3202 1216 3266 praesens
1244 3181 1368 3246 Achaia

169 3263 301 3385 amida
329 3288 457 3372 (causae
471 3286 504 3350 in
519 3288 639 3351 incerto
654 3287 755 3372 fuere)
772 3286 884 3352 urbem
897 3287 1014 3369 revisit,
1030 3287 1208 3371 provincias
1220 3285 1366 3368 Orientis,

154 3402 311 3483 ausoauso
329 3391 467 3455 maxime
489 3390 681 3475 Aegyptum,
705 3392 833 3456 secretis
854 3391 1134 3474 imaginationibus
1155 3390 1291 3474 agitans.
1315 3388 1367 3454 de·

158 3470 306 3528 'ww‘
327 3494 402 3558 hinc
435 3493 537 3559 edicto
570 3493 757 3560 testificatus
789 3515 853 3558 non
886 3495 1015 3577 longam
1044 3494 1093 3559 sui
1126 3493 1304 3559 absentiam
1335 3499 1367 3558 et

208 3670 211 3676 ‚
328 3604 442 3662 cuncta
467 3598 501 3662 in
528 3599 712 3682 republica
738 3598 870 3682 perinde
899 3598 1019 3664 inmota
1048 3618 1086 3663 ac
1113 3617 1263 3682 prospera
1289 3596 1365 3679 fore,

328 3720 423 3784 super
452 3722 491 3766 ea
524 3701 718 3785 profectione
752 3701 830 3767 adiit
862 3702 1059 3786 Capitolium.
1104 3702 1169 3767 illio
1199 3707 1366 3766 veneratus

329 3804 413 3887 deos,
430 3823 503 3867 cum
518 3804 634 3870 Vestae
649 3823 774 3886 quoque
789 3806 942 3889 templum
956 3806 1074 3888 inisset,
1091 3811 1221 3889 repente
1236 3811 1366 3870 cunctos

329 3926 387 3989 per
401 3914 488 3971 artus
510 3912 659 3990 tremens,
683 3928 739 3973 seu
755 3908 885 3973 numine
900 3916 1088 3992 exterrente,
1111 3929 1168 3975 seu
1190 3908 1364 3974 facinorum
