2984 4275
491 214 515 253 a.
528 198 560 254 u
574 214 596 254 e.
610 200 698 266 coelo.
719 216 745 267 p.
759 198 821 253 cor.
835 200 906 268 5213.
1175 182 1217 245 47

176 371 317 457 tradidit,
348 372 390 437 de
418 393 480 455 quo
510 373 625 438 totiens
655 372 810 438 seditione
839 379 894 437 aut
926 372 1021 438 armis
1053 379 1217 454 certatum,

175 496 248 541 oum
272 476 469 562 Semproniis
484 477 701 560 rogationibus
716 482 860 559 equester
874 477 951 542 ordo
966 476 999 541 in
1022 477 1218 560 possessione

173 580 364 646 iudiciorum
386 581 551 662 locaretur,
580 587 635 646 aut
657 601 781 646 rursum
804 580 956 646 Serviliae
983 581 1071 663 leges
1093 580 1219 645 senatui

174 683 297 749 iudicia
326 685 504 768 redderent,
535 685 716 766 Mariusque
746 691 778 749 et
807 684 896 750 Sulla
926 684 1002 748 olim
1032 683 1072 749 de
1102 705 1140 749 eo
1166 686 1218 749 vel

172 789 348 874 praecipue
370 789 535 854 bellarent.
558 789 615 854 sed
629 796 705 854 tuno
728 788 877 855 ordinum
899 788 1026 854 diversa
1048 788 1162 869 studia,
1187 794 1219 853 et

172 910 259 973 quae
283 893 444 958 evicerant
466 893 592 977 publice
614 892 776 958 valebant.
803 891 836 957 O.
861 891 981 976 Oppius
1003 900 1034 958 et
1057 892 1218 957 Cornelius

172 995 297 1062 Balbus
324 996 416 1080 primi
439 996 583 1061 Caesaris
610 997 723 1080 opibus
750 1004 879 1081 potuere
908 996 1108 1062 condiciones
1132 996 1218 1080 pacis

173 1105 206 1164 et
234 1101 370 1166 arbitria
396 1100 473 1166 belli
500 1107 645 1165 tractare.
691 1100 805 1166 Matios
834 1100 966 1185 posthac
988 1107 1019 1165 et
1041 1100 1159 1165 Vedios
1186 1107 1219 1165 et

172 1210 282 1270 cetera
313 1204 456 1285 equitum
485 1205 698 1269 Romanorum
729 1204 915 1289 praevalida
942 1204 1071 1270 nomina
1101 1205 1218 1270 referre

171 1307 256 1372 nihil
277 1308 451 1391 attinuerit,
476 1328 548 1372 oum
572 1308 721 1374 Claudius
743 1309 881 1393 libertos,
906 1329 984 1391 quos
1005 1310 1052 1373 rei
1071 1309 1217 1374 familiari

171 1413 380 1495 praefecerat,
405 1413 529 1495 sibique
552 1417 584 1478 et
606 1413 728 1495 legibus
751 1412 985 1495 adaequaverit.

281 1516 333 1580 61.
375 1516 508 1581 Rettulit
541 1516 615 1581 dein
649 1516 690 1582 de
722 1517 909 1581 inmunitate
944 1516 1016 1581 Cois
1049 1517 1216 1581 tribuenda
1248 1527 1295 1573 ser
1308 1527 1380 1572 enom

172 1621 341 1702 multaque
372 1640 466 1704 super
492 1620 682 1703 antiquitate
712 1640 821 1685 eorum
850 1621 1051 1686 memoravit:
1081 1622 1215 1704 Argivos
1237 1596 1394 1719 gam„

172 1725 228 1788 vel
253 1724 381 1808 Coeum,
399 1725 540 1790 Latonae
566 1731 731 1809 parentem
754 1725 979 1791 vetustissimos
1004 1725 1127 1792 insulae
1153 1727 1215 1790 cul·
1263 1733 1367 1789 oeutttt

173 1832 274 1912 tores,
307 1846 381 1892 mox
408 1829 549 1893 adventu
571 1829 752 1914 Aesculapii
779 1836 879 1894 artem
908 1830 1056 1895 medendi
1083 1831 1216 1895 inlatam

174 1933 378 2012 maximeque
400 1932 483 1997 inter
505 1940 646 2016 posteros
674 1934 742 1999 eius
766 1933 923 1999 celebrem
952 1934 1058 2016 fuisse,
1087 1935 1217 1999 nomina

173 2035 371 2118 singulorum
394 2037 536 2102 referens
563 2044 594 2102 et
623 2038 736 2121 quibus
763 2039 895 2121 quisque
921 2038 1081 2103 aetatibus
1102 2038 1217 2121 viguis-

174 2146 256 2205 sent.
285 2140 361 2222 quiu
384 2142 481 2206 etiam
503 2142 584 2207 dixit
606 2143 861 2227 Xenophontem,
886 2143 974 2208 cuius
996 2144 1128 2208 scientia
1149 2144 1217 2227 ipse

174 2251 325 2325 uteretur,
349 2245 462 2310 eadem
484 2245 607 2312 familia
621 2255 733 2331 ortum,
757 2248 966 2332 precibusque
982 2247 1050 2312 eius
1066 2247 1216 2332 dandum,

176 2356 212 2412 ut
234 2349 321 2413 omni
343 2349 461 2415 tributo
476 2351 569 2415 vacui
590 2351 624 2416 in
647 2360 808 2436 posterum
823 2351 879 2417 Ooi
901 2371 1023 2416 sacram
1047 2357 1078 2415 et
1092 2358 1217 2416 tantum

176 2450 229 2516 dei
251 2452 428 2517 ministram
449 2453 588 2518 insulam
610 2456 757 2520 colerent.
797 2475 900 2538 neque
924 2455 1055 2520 dubium
1082 2455 1218 2521 habetur

176 2556 277 2620 multa
299 2556 471 2622 eorundem
493 2559 526 2622 in
549 2561 699 2643 populum
718 2561 896 2624 Romanum
918 2559 1032 2624 merita
1054 2559 1217 2641 sociasque

175 2659 323 2725 victorias
346 2661 485 2744 potuisse
497 2661 592 2726 tradi:
616 2662 673 2728 sed
685 2662 844 2748 Claudius,
863 2663 1015 2728 facilitate
1026 2662 1117 2728 solita
1132 2663 1216 2745 quod

176 2763 233 2828 uni
255 2772 462 2848 concesserat,
486 2766 581 2831 nullis
603 2768 799 2832 extrinsecus
821 2767 1012 2832 adiumentis
1035 2767 1162 2833 velavit.

281 2866 332 2933 62.
367 2869 410 2934 At
437 2870 584 2953 Byzantii
611 2871 688 2936 data
714 2870 843 2936 dicendi
869 2872 969 2955 copia,
997 2890 1068 2935 cum
1095 2873 1215 2955 magni·
1292 2878 1331 2922 aa

177 2970 319 3036 tudinem
352 2993 483 3038 onerum
515 2975 602 3059 apud
635 2985 781 3041 senatum
813 2976 1065 3059 deprecarentur,
1100 2984 1214 3041 cuncta
1239 2945 1384 3069 mm

177 3076 360 3159 repetivere.
399 3079 461 3143 orsi
486 3099 506 3143 a
532 3080 669 3163 foedere,
699 3081 784 3162 quod
810 3082 974 3147 nobiseum
1000 3082 1122 3147 iecrant
1152 3101 1214 3165 qua
1267 3085 1354 3129 &ww

178 3184 365 3263 tempestate
392 3182 581 3248 bellavimus
608 3184 760 3249 adversus
787 3205 895 3267 regern
917 3185 1136 3269 Macedonum,
1164 3186 1214 3250 cui
1258 3154 1361 3206 ‘mmm‘

178 3288 213 3345 ut
235 3282 384 3366 degeneri
406 3286 664 3372 Pseudophilippi
687 3289 876 3353 vocabulum
898 3289 1079 3372 inpositum,
1103 3290 1214 3354 missas

177 3387 307 3469 posthac
338 3390 445 3473 copias
473 3390 506 3454 in
530 3391 734 3474 Antiochum,
768 3392 897 3476 Persen,
927 3392 1151 3475 Aristonicum,
1184 3399 1215 3457 et

177 3490 309 3574 piratico
338 3494 423 3558 bello
450 3494 592 3559 adiutum
615 3495 787 3561 Antonium
814 3496 1043 3579 memorabant,
1071 3515 1215 3579 quaeque

177 3593 284 3659 Sullae
306 3602 362 3660 aut
377 3596 508 3663 Lucullo
524 3604 579 3662 aut
593 3599 742 3683 Pompeio
766 3600 964 3680 obtulissent,
987 3619 1062 3662 mox
1077 3600 1214 3662 recentia

176 3697 208 3761 in
224 3697 375 3764 Caesares
391 3700 512 3785 merita,
536 3701 663 3782 quando
678 3723 717 3768 ea
731 3705 801 3768 loca
816 3702 998 3785 insiderent,
1022 3721 1103 3785 quae
1118 3708 1216 3766 trans·

177 3803 356 3868 meantibus
382 3812 466 3869 terra
496 3806 637 3887 marique
668 3805 802 3872 ducibus
831 3805 1093 3889 exercitibusque,
1123 3806 1215 3870 simul

176 3905 322 3971 vehendo
346 3915 521 3974 commeatu
544 3916 719 3993 opportuna
742 3910 855 3976 forent.
