2984 4275
486 178 511 214 a.
524 160 557 216 U.
572 176 594 214 c.
607 163 666 216 818.
690 176 717 228 p.
730 158 793 212 Chr.
807 160 849 213 65.
1128 136 1185 202 151

145 336 234 419 vulgi
261 354 386 400 rumore
412 335 574 399 lacerabat
562 341 623 418 tur,
655 340 820 414 tamquam
847 332 931 397 viros
958 331 1059 394 claros
1086 335 1118 394 et
1144 328 1189 392 in
1220 342 1350 396 carrorum

146 445 217 504 sont
219 459 252 504 es
289 439 329 503 ob
363 438 517 502 invidiam
554 444 610 501 aut
645 444 765 501 metum
803 435 999 500 extinxisset.
1048 439 1189 497 ceterum
1220 414 1257 457 Μ’
1271 411 1355 457 “³⁸¹¹‘'

146 550 293 626 coeptam
326 542 531 623 adultamque
563 548 595 605 et
625 541 777 604 revictam
808 539 1055 602 coniurationem
1085 556 1189 617 neque

145 654 223 710 tuno
250 646 444 723 dubitavere,
476 646 589 727 quibus
620 664 732 708 verum
761 642 914 708 noscendi
944 662 1020 705 cura
1050 645 1127 722 erat,
1159 646 1191 702 et

145 750 296 831 fatentur,
328 749 381 829 qui
407 755 478 831 post
504 749 667 813 interitum
694 747 831 812 Neronis
858 746 891 809 in
919 746 1029 810 urbem
1056 742 1191 826 regressi

146 858 229 917 sunt.
253 859 287 916 at
309 852 343 915 in
359 859 472 917 senatu
494 853 627 934 cunctis,
651 858 685 914 ut
700 852 814 933 cuique
837 850 1006 934 plurimum
1029 847 1188 931 maeroris,

145 958 179 1020 in
214 957 430 1020 adulationem
464 956 624 1039 demissis,
659 955 788 1019 Iunium
822 952 1014 1034 Gallionem,
1048 952 1191 1017 Senecae

147 1060 254 1125 fratris
276 1066 376 1124 morte
398 1059 551 1142 pavidum
574 1066 606 1124 et
621 1080 677 1143 pro
693 1078 751 1123 sua
770 1058 989 1123 incolumitate
1005 1057 1189 1141 supplicem,

146 1164 304 1247 increpuit
320 1162 466 1227 Salienus
480 1162 636 1245 Clemens,
659 1162 786 1227 hostem
810 1169 842 1227 et
856 1162 1047 1245 parricidam
1062 1180 1190 1243 vocans,

147 1266 248 1332 donec
271 1286 426 1331 consensu
448 1272 574 1350 patrum
598 1267 766 1330 deterritus
790 1271 849 1348 est,
882 1286 921 1330 ne
943 1265 1077 1349 publicis
1100 1264 1192 1329 malis

147 1369 238 1435 abuti
260 1369 303 1434 ad
325 1370 522 1434 occasionem
550 1370 667 1453 privati
694 1368 759 1434 odii
783 1369 954 1450 videretur,
983 1388 1046 1433 neu
1068 1386 1191 1450 compo-

147 1474 209 1538 sita
230 1480 287 1538 aut
306 1473 486 1538 oblitterata
502 1472 745 1538 mansuetudine
769 1473 920 1557 principis
935 1494 1053 1538 novam
1067 1471 1110 1536 ad
1125 1491 1191 1536 sae-

146 1578 258 1642 vitiam
280 1577 461 1643 retraheret

254 1680 305 1745 74.
328 1683 411 1745 {lum
427 1681 557 1747 donaet
544 1687 643 1764 tgrat
643 1702 677 1747 es
630 1681 767 1746 tdeis
790 1682 966 1747 decernunt
953 1688 1012 1763 tur,
1036 1682 1190 1799 proprius·
1241 1690 1333 1734 eata

148 1804 209 1867 que
232 1786 333 1850 honos
355 1783 430 1868 Soli,
454 1786 504 1849 cui
520 1792 567 1850 est
582 1792 675 1850 vetus
698 1786 796 1850 aedes
818 1785 904 1870 apud
926 1787 1053 1868 circum,
1078 1785 1111 1849 in
1127 1804 1189 1867 quo
1229 1756 1344 1881 {iffi

148 1888 272 1953 facinus
298 1889 481 1972 parabatur,
513 1889 568 1970 qui
594 1889 718 1953 occulta
745 1889 969 1954 coniurationis
991 1888 1122 1952 numine
1144 1907 1189 1953 re·
1217 1900 1254 1943 ra
1268 1898 1357 1950 autad

21 1976 22 2047 ἶ
87 2003 93 2011 ’
148 1993 296 2076 texisset3
327 1999 424 2072 utque
451 1992 640 2057 circensium
661 1992 838 2058 Cerealium
865 1993 1022 2057 ludicrum
1048 1993 1191 2075 pluribus
1227 1967 1346 2081 ςωζῖζη,

149 2116 301 2180 equorum
324 2096 468 2162 cursibus
490 2097 664 2162 celebraret
651 2104 703 2162 tur
723 2097 904 2180 mensisque
919 2097 1036 2182 Aprilis
1057 2097 1192 2162 Neronis

148 2207 393 2284 cognomentum
416 2202 586 2286 acciperet3
614 2202 770 2285 templum
793 2201 896 2266 Saluti
920 2207 1133 2266 exstrueretur
1155 2222 1192 2266 eo

148 2305 217 2387 loci,
242 2324 283 2369 ex
307 2324 369 2386 quo
391 2304 564 2371 Scaevinus
587 2305 706 2370 ferrum
727 2312 935 2390 prompserat.
959 2306 1027 2389 ipse
1043 2325 1116 2370 eum
1139 2326 1193 2388 pu-

147 2408 275 2491 gionem
298 2408 383 2492 apud
406 2408 596 2491 Capitolium
622 2410 760 2474 sacravit
785 2409 1005 2493 inscripsitque
1028 2409 1097 2473 Iovi
1119 2408 1192 2472 Vin-

148 2513 228 2577 dici:
260 2513 293 2576 in
320 2532 472 2596 praesens
499 2512 586 2577 haud
610 2513 876 2597 animadversum,
908 2520 981 2596 post
1007 2533 1095 2577 arma
1121 2514 1193 2577 Iulii

148 2616 292 2680 Vindicis
322 2615 364 2680 ad
396 2616 572 2699 auspicium
608 2623 639 2680 et
670 2617 870 2699 praesagium
904 2617 1029 2682 futurae
1063 2616 1193 2681 ultionis

149 2720 344 2786 trahebatur.
391 2722 513 2804 reperio
547 2721 580 2785 in
610 2722 844 2786 commentariis
878 2727 1007 2786 senatus
1036 2721 1192 2786 Cerialem

148 2828 298 2892 Anicium
321 2828 481 2891 consulem
504 2826 708 2908 designatum
736 2847 793 2910 pro
821 2826 979 2891 sententia
1002 2826 1130 2909 dixisse,
1158 2831 1194 2889 ut

148 2930 304 3013 templum
327 2928 400 2994 divo
422 2930 543 2993 Neroni
566 2948 661 3011 quam
690 2930 875 2994 maturrime
903 2930 1031 3013 publica
1057 2930 1194 3014 pecunia

148 3038 325 3117 poneretur.
349 3032 434 3114 quod
450 3032 580 3113 quidem
602 3033 656 3096 ille
671 3032 865 3098 decernebat
881 3039 1044 3114 tamquam
1061 3033 1193 3097 mortale

149 3135 313 3219 fastigium
337 3156 463 3219 egresso
480 3142 513 3200 et
527 3136 765 3201 venerationem
788 3135 953 3200 hominum
975 3138 1095 3217 merito,
1120 3157 1193 3219 quo-

149 3261 219 3304 rum
246 3239 361 3304 animis
388 3239 429 3304 ad
457 3260 551 3305 omen
582 3260 621 3304 ac
647 3248 758 3305 votum
791 3240 845 3304 citi
874 3241 978 3304 exitus
1006 3247 1191 3304 verteretur:

150 3364 225 3407 nam
248 3341 342 3408 deum
367 3342 466 3408 honor
481 3343 614 3427 principi
634 3362 698 3407 non
718 3349 794 3408 ante
814 3342 960 3427 habetur,
985 3362 1081 3424 quam
1097 3361 1192 3424 agere

151 3449 232 3512 iuter
254 3447 399 3513 homines
425 3447 565 3513 desierit.
