2984 4275
381 234 383 237 .
467 207 492 245 a
505 190 539 245 U.
552 207 575 245 c.
587 194 646 249 815.
670 208 697 259 p.
710 190 773 246 Chr.
786 195 829 248 62.
1106 176 1168 242 115

131 365 358 430 conterminam
380 364 551 447 nationem,
574 364 670 429 latius
691 385 730 429 ac
752 365 869 430 diutius
885 385 980 448 quam
1003 387 1059 450 per
1078 367 1170 431 latro-

131 468 213 532 cinia
241 475 432 551 vastaverat,
463 468 559 550 idque
586 469 737 552 primores
767 469 911 552 gentium
937 490 1033 553 aegre
1059 471 1169 536 tolera-

131 573 220 637 bant:
251 592 290 637 eo
317 573 556 657 contemptionis
583 573 781 656 descensum,
809 580 843 638 ut
869 594 911 639 ne
937 573 1017 640 duce
1038 575 1167 657 quidem

130 677 273 742 Romano
295 676 539 759 incursarentur,
563 677 620 741 sed
641 678 821 742 temeritate
836 677 954 744 obsidis
976 686 1022 744 tot
1044 699 1100 762 per
1115 700 1169 743 an·

130 801 188 846 nos
218 781 302 845 inter
329 781 487 864 mancipia
516 782 626 847 hahiti
663 781 862 847 accendebat
890 781 1030 848 dolorem
1060 803 1169 849 corum
1216 832 1219 836 -

25 940 26 943 ,
130 886 332 967 Marthama,
356 905 451 967 quem
471 905 570 970 penes
581 885 785 952 Adiabenum
807 887 959 969 regimen,
983 887 1068 968 quod
1082 907 1169 971 prae·

25 1024 26 1047 2
131 989 247 1054 sidium
269 995 325 1054 aut
348 988 433 1053 unde
455 997 588 1074 peteret,
611 990 763 1072 rogitans.
786 990 852 1053 iam
874 990 915 1055 de
926 991 1077 1055 Armenia
1098 1010 1170 1056 con-

130 1113 265 1175 oessum,
292 1093 437 1177 proxima
462 1094 560 1178 trahi;
588 1100 621 1158 et
642 1094 703 1159 nisi
726 1092 901 1159 defendant
922 1094 1041 1177 Parthi,
1069 1095 1170 1159 levius

129 1197 297 1262 servitium
318 1196 403 1280 apud
426 1199 586 1264 Romanos
608 1197 725 1263 deditis
746 1217 844 1279 qnam
866 1199 966 1282 captis
988 1218 1066 1263 esse.
1094 1199 1170 1263 Tiri-

25 1312 26 1331 ¹
130 1301 222 1365 dates
249 1320 374 1382 quoque
399 1302 491 1384 regni
517 1301 670 1385 profugus
696 1322 754 1386 per
780 1302 942 1367 silentium
967 1309 1023 1368 aut
1047 1302 1171 1368 modice

25 1482 26 1487 ἵ
130 1405 292 1488 querendo
315 1404 441 1488 gravior
462 1412 544 1473 erat:
568 1407 731 1471 nonenim
753 1406 883 1489 ignavia
898 1426 1016 1490 magna
1037 1407 1170 1492 imperia

25 1510 26 1595 j
132 1510 298 1594 contineri3
326 1509 465 1574 virorum
487 1530 709 1593 armorumque
731 1510 913 1575 faciendum
935 1517 1109 1595 certamem
1137 1511 1170 1576 id

25 1600 27 1615 ’
130 1614 164 1678 in
194 1633 320 1679 summa
348 1613 474 1679 fortuna
497 1615 637 1694 aequius,
665 1613 750 1695 quod
780 1613 924 1696 validius,
955 1621 986 1679 et
1014 1635 1071 1680 sua
1101 1616 1170 1680 reti·

25 1752 27 1779 r
132 1738 208 1785 nere
240 1718 384 1802 privatae
418 1718 539 1800 domus,
578 1717 618 1782 de
651 1719 763 1782 alienis
797 1725 918 1783 certare
952 1719 1073 1802 regiam
1106 1720 1170 1785 lau-

25 1878 26 1917 ,
132 1822 204 1887 dem
227 1841 307 1887 esse.

235 1925 266 1990 2.
301 1925 402 2009 Igitur
424 1932 598 1991 commotus
620 1925 669 1990 his
691 1926 866 2009 Vologeses
888 1927 1054 1992 concilium
1077 1934 1170 1993 vocat
1201 1943 1245 1988 uns
1259 1943 1329 1995 tensa

132 2037 164 2094 et
185 2029 365 2114 proximum
389 2029 450 2094 sihi
470 2027 637 2094 Tiridaten
664 2030 825 2094 constituit
852 2038 947 2111 atque
968 2032 1014 2095 ita
1036 2031 1169 2096 orditur:
1202 2011 1332 2134 '‘¹²32me

131 2126 227 2199 ‘hunc
250 2154 309 2217 ego
331 2132 442 2198 eodem
470 2154 593 2199 mecum
619 2139 709 2218 patre
731 2135 883 2217 genitum,
911 2155 983 2200 cum
1011 2134 1088 2199 mihi
1113 2156 1170 2219 per
1196 2152 1338 2208 omelias

129 2244 271 2304 aetatem
294 2257 418 2303 summo
433 2238 561 2303 nomine
576 2238 790 2323 concessisset,
813 2238 847 2302 in
869 2240 1097 2323 possessionem
1112 2239 1168 2303 Ar·
1187 2222 1344 2338 muffm‘

129 2343 257 2408 meniae
274 2340 400 2423 deduxi,
418 2342 472 2423 qui
487 2343 598 2407 tertius
613 2343 774 2426 potentiae
789 2342 906 2424 gradus
922 2342 1069 2407 hahetur:
1093 2364 1169 2407 nam
1186 2362 1344 2408 armatas.

128 2446 240 2511 Medos
266 2446 403 2510 Pacorus
430 2452 505 2510 ante
532 2453 669 2531 ceperat.
709 2445 905 2529 videbarque
929 2454 1038 2512 contra
1060 2453 1169 2511 vetera

129 2550 265 2618 fratrum
288 2549 362 2615 odia
385 2557 417 2614 et
440 2551 614 2614 certamina
640 2549 781 2614 familiae
803 2558 930 2615 nostrae
956 2558 1090 2635 penates
1111 2552 1170 2615 rite

128 2652 352 2738 composuisse.
375 2652 543 2738 prohibent
557 2655 694 2719 Romani
715 2660 747 2718 et
766 2674 878 2738 pacem
901 2675 1073 2737 numquam
1095 2656 1171 2739 ipsis

130 2776 281 2842 prospere
310 2758 490 2822 lacessitam
520 2778 604 2823 nunc
631 2777 757 2840 quoque
782 2758 817 2852 in
843 2758 972 2824 exitium
1000 2778 1091 2824 snum
1117 2759 1172 2824 ah·

129 2866 291 2944 rumpunt.
315 2880 378 2925 non
393 2861 447 2926 iho
461 2860 593 2927 infitias:
610 2862 771 2944 aequitate
783 2881 879 2944 quam
894 2864 1059 2947 sanguine,
1076 2883 1171 2928 causa

129 2985 229 3047 quam
251 2964 347 3029 armis
368 2966 502 3029 retinere
525 2972 615 3049 parta
637 2966 808 3032 maioribus
831 2967 1014 3033 malueram.
1038 2968 1065 3032 si
1081 2986 1171 3032 cunc·

130 3069 253 3134 tatione
281 3067 408 3150 deliqui,
437 3069 554 3134 virtute
581 3071 745 3152 corrigam.
784 3078 890 3135 vestra
918 3071 1046 3154 quidem
1068 3072 1171 3137 viset

127 3173 233 3255 ¹gloria
254 3173 288 3237 in
310 3173 434 3256 integm
454 3180 511 3258 est,
534 3174 643 3239 addita
661 3176 834 3241 modestiae
849 3175 945 3260 fama,
968 3196 1051 3258 quae
1066 3196 1171 3258 neque

129 3277 264 3341 summis
294 3277 472 3342 mortalium
502 3278 681 3361 spernenda
710 3285 758 3344 est
785 3286 817 3344 et
843 3299 863 3342 a
890 3279 938 3344 dis
964 3275 1171 3346 aestimatur.³

130 3364 227 3446 simul
248 3379 429 3446 diademate
451 3389 546 3466 caput
561 3380 709 3447 Tiridatis
731 3383 862 3466 evinxit,
885 3389 1064 3466 promptam
1087 3384 1171 3465 equi·

130 3489 200 3549 tum
224 3504 363 3568 manum,
386 3506 469 3567 quae
491 3505 599 3569 regem
622 3507 662 3551 ex
686 3507 772 3552 more
790 3493 936 3569 sectatur,
961 3486 1100 3552 Monaesi
1117 3508 1196 3552 no··
1244 3476 1246 3478 ’

130 3588 188 3653 bili
202 3589 271 3653 viro
286 3588 426 3670 tradidit,
450 3589 581 3654 adiectis
592 3590 830 3655 Adiabenorum
844 3590 978 3674 auxiliis,
997 3590 1171 3655 mandavit·

131 3689 195 3773 qde
217 3692 377 3776 Tigranen
399 3693 551 3757 Armenia
578 3694 756 3777 exturbare,
784 3694 862 3759 dnm
887 3695 956 3777 ipse
982 3695 1091 3778 positis
1118 3694 1170 3759 ad-

131 3814 243 3863 uersus
265 3797 434 3880 Hyrcanos
457 3795 620 3861 discordiis
641 3798 724 3862 vires
744 3799 873 3862 intimas
896 3799 1073 3879 molemque
1095 3799 1171 3864 helii

55 3934 59 3941 ·
130 3898 203 3983 ciet,
227 3901 394 3984 provinciis
416 3900 568 3965 Romanis
591 3901 750 3966 minitans

1035 4003 1068 4056 g*
