2984 4275
299 199 361 264 140
526 216 575 270 Ab
594 231 709 271 excessu
726 216 760 270 D.
774 216 901 286 Augusti
919 216 974 272 XV
993 220 1104 274 52-55.

296 391 520 457 coniurationis
542 398 621 475 erat,
644 391 790 472 quamvis
812 410 908 475 super
923 412 961 456 eo
984 391 1116 457 crimine
1137 393 1222 458 Nero
1245 399 1337 457 vetus

296 495 467 562 adversum
488 495 646 561 insontem
669 494 777 561 odium
800 496 984 580 expleverit.

181 618 223 665 ss
400 599 453 665 53.
487 599 633 664 Tandem
654 605 794 665 statuere
817 600 1006 665 circensium
1027 599 1174 665 ludorum
1197 599 1259 683 die,
1284 600 1338 682 qui

130 686 272 814 ”fftfflffll
296 703 402 769 Cereri
429 704 613 788 celebratur,
645 704 776 786 exsequi
805 703 974 789 destinata,
1005 704 1081 787 quia
1107 704 1223 770 Caesar
1249 725 1339 770 rarus

176 829 229 875 asts
297 827 424 890 egressu
446 807 602 890 domoque
625 814 681 873 aut
703 808 803 874 hortis
818 809 943 874 clausus
965 809 1007 874 ad
1030 809 1151 874 ludicra
1174 810 1249 875 circi
1264 830 1338 875 ven-

144 898 256 951 ⁶²ff¹¹¹¹¹¹f
296 912 412 977 titabat
440 913 708 995 promptioresque
741 911 847 977 aditus
880 919 971 978 erant
1003 912 1124 978 laetitia
1157 914 1337 997 spectaculi.

297 1015 441 1081 ordinem
463 1014 585 1080 insidiis
608 1022 858 1101 composuerant,
886 1022 922 1081 ut
943 1016 1128 1101 Lateranus,
1153 1017 1245 1099 quasi
1267 1018 1339 1083 sub·

295 1119 411 1184 sidium
444 1120 489 1184 rei
523 1118 670 1184 familiari
700 1126 813 1204 oraret,
848 1119 1111 1204 deprecabundus
1141 1126 1173 1185 et
1202 1120 1339 1202 genibus

296 1222 445 1307 principis
480 1222 629 1288 accidens
664 1229 878 1307 prosterneret
910 1224 1072 1288 incautum
1106 1231 1337 1309 memoretque,

295 1325 394 1391 animi
420 1325 546 1393 validus
573 1334 604 1391 et
631 1344 760 1411 corpore
782 1327 910 1410 ingens;
949 1334 1018 1392 tum
1044 1328 1201 1393 iacentem
1229 1335 1262 1393 et
1284 1328 1339 1392 im·

295 1430 440 1515 peditum
462 1431 581 1496 tribuni
603 1438 635 1497 et
654 1433 855 1497 centuriones
881 1439 913 1497 et
939 1439 1122 1516 ceterorum,
1146 1439 1182 1511 nt
1204 1432 1339 1515 quisque

295 1533 465 1599 audentiae
488 1534 661 1618 habuisset,
692 1534 895 1601 adcurrerent
922 1536 1188 1620 trucidarentque,
1219 1537 1339 1621 primas

296 1637 357 1702 sibi
379 1644 485 1720 partes
508 1639 730 1722 expostulante
753 1638 919 1722 Scaevino,
950 1640 1005 1720 qui
1027 1640 1197 1724 pugionem
1219 1640 1338 1724 templo

296 1738 414 1806 Salutis
436 1743 513 1826 sive,
537 1747 571 1806 ut
593 1742 647 1806 alii
669 1742 839 1824 tradidere,
862 1743 1023 1808 Fortunae
1044 1744 1214 1808 Ferentino
1237 1745 1271 1808 in
1287 1765 1339 1828 op·

295 1846 369 1930 pido
396 1847 579 1912 detraxerat
608 1847 818 1930 gestabatque
841 1848 928 1912 velut
950 1868 1066 1930 magno
1092 1847 1180 1931 operi
1202 1867 1337 1912 sacrum.

295 1950 420 2016 interim
443 1951 515 2016 Piso
537 1950 624 2034 apud
646 1951 760 2015 aedem
782 1950 903 2016 Cereris
926 1952 1130 2035 opperiretur,
1155 1951 1242 2016 unde
1265 1958 1338 2016 eum

295 2053 475 2140 praefectus
500 2054 640 2120 Faenius
667 2061 699 2120 et
726 2055 822 2120 ceteri
852 2055 989 2119 accitum
1018 2054 1137 2119 ferrent
1162 2053 1197 2119 in
1225 2061 1337 2137 castra,

297 2160 468 2225 eomitante
490 2160 638 2242 Antonia,
667 2159 790 2225 Claudii
813 2159 957 2225 Caesaris
981 2158 1054 2240 filia,
1082 2158 1125 2223 ad
1147 2159 1338 2225 eliciendum

296 2263 383 2346 vulgi
405 2263 557 2344 favorem,
586 2263 672 2346 quod
693 2263 726 2329 G.
751 2264 871 2329 Plinius
893 2270 1058 2329 memorat.
1097 2264 1188 2329 nobis
1211 2284 1337 2347 quoquo

297 2368 391 2434 modo
413 2367 565 2432 traditum
587 2388 651 2433 non
667 2368 823 2433 occultare
845 2370 879 2433 in
901 2368 1007 2433 animo
1030 2367 1098 2451 fuit,
1122 2368 1269 2450 quamvis
1285 2369 1338 2434 ab·

296 2471 434 2537 surdum,
448 2471 608 2537 videretur
629 2479 684 2536 aut
706 2472 836 2537 inanem
858 2472 901 2537 ad
923 2492 1011 2555 spem
1026 2473 1199 2536 Antoniam
1221 2494 1338 2538 nomen

296 2583 329 2644 et
351 2577 524 2660 periculum
551 2576 813 2654 commodavisse,
841 2583 895 2641 aut
917 2577 1065 2642 Pisonem
1091 2582 1202 2641 notum
1230 2596 1338 2641 amore

296 2680 403 2745 uxoris
425 2679 479 2744 alii
501 2679 699 2748 matrimonio
722 2700 757 2745 se
777 2680 992 2762 obstrinxisse,
1015 2679 1124 2744 nisisi
1147 2679 1262 2763 cupido
1286 2680 1339 2745 do·

298 2782 441 2850 minandi
464 2784 583 2849 cunctis
606 2784 785 2849 adfectibus
806 2783 991 2867 flagrantior
1014 2791 1071 2848 est.

179 2908 222 2951 uu·
401 2887 453 2953 54.
478 2887 541 2953 Sed
564 2888 687 2971 mirum,
712 2908 808 2971 quam
824 2888 907 2952 inter
927 2887 1044 2953 diversi
1062 2886 1187 2970 generis
1207 2886 1336 2972 ordinis,

132 2975 280 3090 ”mamm
297 2992 411 3057 aetatis
425 3011 529 3076 sexus,
553 2991 632 3057 dites
654 3011 812 3076 pauperes
835 2991 1049 3056 taciturnitate
1072 2989 1179 3054 emnia
1198 2989 1338 3055 cohibita

145 3112 260 3160 erusteus.
297 3099 370 3179 sint,
388 3096 502 3162 'donec
524 3096 659 3179 proditio
682 3096 786 3181 coepit
808 3116 826 3161 e
849 3095 942 3159 domo
965 3094 1128 3179 Scaevini;
1161 3095 1216 3176 qui
1237 3094 1340 3178 pridie

128 3184 280 3309 fflffinm,
296 3201 482 3269 insidiarum
504 3202 602 3267 multo
625 3220 769 3265 sermone
792 3220 863 3265 curn
883 3200 1022 3265 Antonio
1044 3200 1171 3283 Natale,
1195 3198 1271 3265 dein
1294 3220 1339 3265 re·

150 3323 253 3375 muricus
297 3326 423 3390 gressus
450 3306 578 3371 domum
606 3311 833 3372 testamentum
861 3304 1051 3389 obsignavit,
1083 3310 1264 3389 promptum
1287 3325 1340 3370 va·

297 3412 373 3494 gina
394 3411 574 3494 pugionem,
606 3410 647 3475 de
670 3430 732 3492 quo
755 3429 851 3493 supra
873 3409 987 3492 rettuli,
1011 3415 1169 3474 vetustate
1190 3410 1339 3474 obtusum

296 3516 473 3598 increpans,
497 3515 638 3599 asperari
660 3533 739 3580 saxo
763 3520 795 3578 et
816 3514 849 3577 in
866 3533 1048 3579 mucronem
1069 3513 1236 3578 ardescere
1250 3513 1340 3578 iussit

298 3637 432 3701 eamque
444 3639 555 3683 curam
572 3619 684 3684 liberto
699 3617 826 3683 Milicho
843 3617 1017 3682 mandavit.
1040 3616 1133 3682 simul
1148 3615 1339 3683 adfluentius

298 3722 388 3787 solito
417 3722 596 3786 convivium
622 3721 745 3803 initum,
778 3741 940 3787 servorum
963 3720 1115 3786 carissimi
1138 3721 1284 3786 libertate
1308 3727 1338 3785 et

297 3825 353 3888 alii
375 3825 511 3908 pecunia
533 3824 652 3890 donati.
676 3831 773 3907 atque
795 3825 863 3908 ipse
886 3833 1027 3891 maestus
1050 3832 1081 3889 et
1097 3844 1235 3907 magnae
1259 3826 1338 3906 cogi·

297 3928 424 3992 tationis
448 3927 635 3993 manifestus
659 3935 735 4012 crat,
768 3930 911 4010 quamvis
933 3930 1086 3994 laetitiam
1109 3928 1200 4011 vagis
1222 3948 1337 3994 sermo-
