2984 4275
489 188 514 225 a.
527 172 560 227 U.
574 188 597 227 e.
610 176 669 229 807.
694 189 720 241 p.
733 172 796 226 Chr.
810 177 851 228 54.
1149 158 1191 221 53

150 365 205 410 neo
227 344 411 428 cupidinem
433 346 562 411 ultionis
584 346 719 411 adferre.
743 352 812 410 tum
832 346 966 411 formam
990 347 1087 411 futuri
1108 347 1191 431 prin-

149 449 270 532 cipatus
293 450 503 533 praescripsit,
527 470 566 515 ea
581 450 720 515 maxime
736 450 909 533 declinans,
933 469 1066 532 quorum
1081 470 1191 516 recens

148 552 306 636 flagrabat
331 553 461 619 invidia.
500 554 673 619 nonenim
702 574 736 619 se
758 555 957 638 negotiorum
984 555 1126 619 omnium
1147 556 1192 619 iu·

148 657 251 723 dicem
274 657 353 740 fore,
380 665 415 722 ut
438 658 554 723 clausis
576 678 674 723 unam
696 659 782 723 intra
805 658 934 724 domum
956 658 1191 723 accusatoribus

148 770 179 826 et
201 762 266 827 reis
288 782 459 846 paucorum
482 763 624 847 potentia
646 770 857 847 grassaretur,
881 762 961 827 nihil
975 764 1008 827 in
1023 763 1192 847 penatibus

147 867 211 931 sois
226 867 343 931 renale
366 872 421 930 aut
443 866 609 931 ambitioni
633 866 791 952 pervium}
815 867 985 932 discretam
1008 866 1137 931 domum
1160 873 1193 931 et

147 991 214 1035 rem
237 971 409 1054 publicam.
432 977 554 1035 teneret
576 971 709 1052 antiqua
729 971 840 1037 munia
865 977 1004 1051 senatus,
1028 971 1191 1035 consulum

146 1074 358 1139 tribunalibus
381 1075 474 1138 Italia
497 1082 529 1139 et
544 1074 691 1158 publicae
713 1075 897 1160 provinciae
919 1074 1123 1140 adsisterent:
1146 1073 1192 1138 illi

145 1186 274 1263 patrum
296 1179 417 1243 aditum
440 1180 640 1265 praeberent,
665 1199 700 1244 se
724 1179 883 1244 mandatis
907 1178 1098 1245 exercitibus
1121 1198 1192 1243 oon·

146 1284 313 1347 sulturum.

251 1386 282 1450 5.
306 1386 374 1451 Neo
396 1385 497 1451 defuit
518 1385 608 1468 fides,
633 1387 795 1469 multaque
818 1388 948 1453 arbitrio
970 1394 1100 1454 senatus
1122 1407 1192 1453 con-
1245 1402 1333 1456 sarrs

146 1492 259 1555 “stuta
286 1497 375 1554 sulm
403 1510 445 1555 1¹0
467 1491 537 1572 (luis
562 1490 604 1555 ad
632 1510 762 1555 eausam
784 1491 937 1556 orandam
967 1491 1114 1556 mercede
1136 1496 1192 1554 aut
1210 1472 1248 1542 Ψ
1266 1472 1367 1517 mm·

147 1594 238 1660 donis
261 1601 427 1677 emeretur,
450 1614 491 1659 ne
507 1594 682 1678 designatis
697 1596 918 1677 quaestoribus
935 1594 1050 1660 edendi
1073 1594 1192 1677 gladia·
1218 1541 1360 1655 orchestrae

146 1706 228 1763 tores
244 1697 418 1763 necessitas
433 1704 523 1763 esset.
548 1698 634 1779 quod
649 1698 777 1779 quidem
799 1699 989 1764 adversante
1004 1698 1190 1783 Agrippina,
1222 1680 1354 1733 ”wilm

147 1811 310 1884 tamquam
337 1809 409 1866 acta
431 1802 554 1867 Claudii
580 1804 852 1884 subverterentur,
880 1803 1046 1868 obtinuere
1074 1808 1191 1886 patres,

147 1908 199 1989 qui
222 1907 256 1970 in
280 1906 437 1971 Palatium
461 1905 501 1971 ob
524 1906 559 1971 id
580 1906 787 1991 vocabantur,
812 1913 846 1971 ut
868 1906 1010 1971 adstaret
1032 1905 1150 1970 additis
1172 1926 1193 1969 a

147 2017 236 2094 tergo
259 2010 379 2074 foribus
401 2011 470 2075 velo
494 2010 639 2091 discreta,
667 2010 752 2091 quod
774 2010 877 2074 risum
906 2015 1037 2093 arceret,
1067 2008 1193 2074 auditus

146 2135 210 2181 non
233 2114 397 2180 adimeret.
422 2115 498 2198 quin
522 2121 554 2179 et
568 2115 682 2198 legatis
697 2115 920 2180 Armeniorum
939 2133 1066 2179 oausam
1089 2113 1192 2197 gentis

147 2219 233 2304 apud
255 2220 414 2284 Neronem
430 2219 592 2285 orantibus
607 2219 778 2284 escendere
794 2225 978 2302 suggestum
994 2217 1193 2302 imperatoris

147 2331 179 2388 et
204 2322 386 2407 praesidere
412 2323 506 2387 simul
533 2323 676 2406 parabat,
703 2323 766 2388 nisi
792 2322 906 2386 ceteris
932 2341 1053 2405 pavore
1081 2320 1193 2385 defixis

147 2427 272 2492 Seneca
290 2426 515 2510 admonuisset,
539 2427 680 2491 venienti
703 2427 797 2491 matri
817 2433 1002 2491 occurreret.
1028 2426 1073 2490 ita
1088 2424 1193 2509 specle

146 2531 275 2615 pietatis
297 2531 423 2595 obviam
446 2531 525 2595 itum
548 2530 706 2596 dedecori.

253 2634 283 2699 6.
307 2635 387 2699 Fine
408 2635 485 2699 anni
508 2635 643 2700 turbidis
666 2634 844 2699 rumoribus
866 2633 1047 2718 prorupisse
1069 2653 1193 2697 rursum
1228 2647 1354 2699 auocaret

146 2740 281 2804 Parthos
297 2744 328 2803 et
343 2739 411 2822 rapi
426 2738 612 2804 Armeniam
634 2739 778 2803 adlatum
803 2745 861 2819 est,
885 2738 975 2821 pulso
998 2737 1191 2819 Radamisto,
1211 2716 1368 2831 hwa

147 2844 200 2926 qui
223 2863 320 2926 saepe
341 2842 433 2924 regni
455 2843 522 2907 eius
543 2844 671 2927 potitae,
696 2842 770 2906 dein
794 2841 956 2925 profugus,
978 2847 1046 2905 tum
1069 2859 1193 2922 quoque
1223 2852 1276 2900 ure
1289 2856 1360 2901 aea

148 2949 268 3013 bellum
291 2947 481 3012 deseruerat.
505 2948 601 3030 igitur
615 2947 648 3011 in
664 2947 742 3011 urbe
765 2965 945 3011 sermonum
969 2944 1073 3028 avida,
1097 2964 1193 3026 quem

147 3051 189 3116 ad
222 3050 352 3116 modurn
385 3051 532 3135 princeps
565 3051 619 3114 vix
654 3049 881 3134 septemdecim
916 3069 1018 3114 annos
1048 3068 1193 3132 egressus

148 3155 307 3239 suscipere
333 3174 405 3218 eam
433 3154 547 3219 molem
573 3161 629 3218 aut
654 3154 840 3238 propulsare
868 3157 984 3237 posset,
1014 3152 1099 3234 quod
1122 3152 1193 3217 sub·

148 3259 263 3324 sidium
285 3259 319 3322 in
342 3278 389 3341 eo,
418 3259 471 3340 qui
494 3279 514 3322 a
536 3258 657 3323 femina
678 3265 852 3341 regeretur,
877 3278 952 3321 num
978 3256 1097 3339 proelia
1120 3276 1194 3337 quo-

148 3382 209 3445 que
240 3369 272 3427 et
301 3363 555 3447 obpugnationes
585 3362 708 3427 urbium
741 3369 773 3426 et
803 3367 909 3426 cetera
937 3360 1013 3426 belli
1044 3379 1101 3442 per
1127 3379 1194 3422 ma·

147 3467 261 3549 gistros
298 3465 512 3531 administrari
548 3472 689 3549 possent,
728 3464 950 3546 anquirebant.
996 3469 1105 3527 contra
1138 3462 1194 3525 alii

147 3571 260 3635 melius
283 3570 427 3635 evenisse
450 3569 618 3652 disserunt,
647 3589 743 3650 quam
771 3569 797 3633 si
824 3567 983 3632 invalidus
1010 3571 1138 3630 senecta
1160 3571 1195 3629 et

146 3673 278 3758 ignavia
297 3673 447 3739 Claudius
468 3673 602 3738 militiae
625 3673 668 3738 ad
689 3674 813 3738 labores
828 3676 1001 3751 vocaretur,
1025 3667 1194 3733 servilibus

146 3779 238 3844 iussis
260 3776 545 3861 obtemperaturus.
592 3778 727 3842 Burrum
750 3784 859 3841 tamen
883 3781 915 3840 et
936 3772 1092 3839 Senecam
1115 3771 1194 3835 mul-

147 3890 250 3948 tarum
274 3900 379 3946 rerum
401 3881 597 3965 experientia
613 3881 769 3965 cognitos,
793 3887 824 3945 et
839 3876 1021 3963 imperatori
1037 3881 1193 3958 quantum
