2984 4275
435 196 505 252 au.
519 199 644 265 esraa.
668 214 695 266 p.
709 196 876 266 chanao.
1132 180 1171 243 91

137 370 399 455 Pompeianorum
421 372 526 455 plebe,
554 372 640 455 apud
662 391 742 453 quos
770 372 986 455 spectaculum
1009 370 1174 436 edebatur.

136 495 212 558 ergo
235 475 392 559 deportati
420 482 492 540 sunt
518 476 552 540 in
573 476 685 540 urbem
713 475 805 539 multi
831 496 848 539 e
870 474 1038 540 Nucerinis
1064 480 1175 539 trunco

135 599 194 663 per
206 580 340 645 vulnera
362 599 499 663 corpore,
523 600 562 644 ac
583 579 726 664 plerique
747 580 920 644 liberorum
938 586 994 642 aut
1009 583 1175 662 parentum

136 690 254 749 mortes
284 683 456 749 deflebant.
495 684 583 748 cuius
612 683 658 748 rei
686 682 838 748 iudicium
867 682 1013 767 princeps
1041 681 1174 765 senatui,

134 793 265 852 senatus
293 787 473 853 consulibus
499 787 648 872 permisit.
688 794 720 852 et
740 807 847 851 rursus
874 807 907 851 re
933 785 976 850 ad
1004 792 1109 869 patres
1130 805 1175 849 re-

133 891 210 974 lata,
238 891 390 975 prohibiti
418 891 547 975 publice
568 891 602 955 in
625 891 737 956 decern
764 910 865 955 annos
888 889 954 955 eius
976 888 1064 953 modi
1085 895 1176 953 coetu

132 995 331 1078 Pompeiani,
362 996 568 1079 collegiaque,
599 1014 683 1076 quae
712 1000 822 1059 contra
851 995 939 1077 leges
965 994 1175 1076 instituerant,

132 1098 303 1185 dissoluta;
334 1100 496 1164 Livineius
527 1106 558 1164 et
587 1098 642 1181 qui
672 1099 726 1164 alii
756 1100 942 1165 seditionem
972 1098 1175 1163 conciverant

131 1204 228 1268 exilio
253 1204 378 1268 multati
400 1208 482 1269 sunt.

241 1306 292 1371 18.
326 1307 430 1372 Motus
453 1315 565 1372 senatu
592 1314 624 1372 et
645 1307 762 1372 Pedius
784 1308 926 1389 Blaesus,
953 1306 1175 1371 accusantibus
1193 1322 1348 1377 occurrant

130 1412 369 1496 Cyrenensibus
395 1413 549 1477 violatum
578 1413 619 1477 ab
651 1431 689 1477 eo
719 1411 902 1476 thesaurum
924 1410 1105 1494 Aesculapii
1131 1408 1175 1474 di·
1202 1394 1344 1507 ΜἜΞΜ

130 1518 316 1599 lectumque
336 1516 504 1581 militarem
522 1517 623 1601 pretio
639 1521 671 1581 et
686 1516 861 1580 ambitione
876 1521 1065 1599 corruptum.
1089 1514 1176 1579 idem
1220 1531 1324 1585 aaran.

130 1621 331 1704 Cyrenenses
358 1639 447 1685 reum
470 1619 611 1702 agebant
634 1619 771 1685 Acilium
793 1619 991 1700 Strabonem,
1020 1618 1176 1702 praetoria
1200 1599 1346 1723 ῑῇζξζᾱᾞῖ

130 1730 294 1810 potestate
316 1743 409 1790 usum
431 1730 463 1789 et
485 1725 614 1788 missum
637 1723 878 1807 disceptatorem
900 1744 921 1787 a
935 1723 1066 1788 Claudio
1088 1742 1176 1805 agro·

130 1850 215 1912 rum,
244 1848 323 1910 quos
345 1829 429 1911 regis
451 1828 583 1912 Apionis
605 1829 766 1909 quondam
793 1827 895 1892 avitos
922 1831 954 1891 et
980 1827 1096 1911 populo
1118 1827 1177 1891 Ro·

131 1953 231 1998 mano
254 1952 327 1996 cum
349 1953 447 2016 regno
469 1932 596 1997 relictos
618 1931 780 2015 proximus
802 1931 935 2013 quisque
958 1950 1118 2015 possessor
1131 1930 1176 1994 in·

21 2028 22 2031 ¹
130 2041 297 2120 vaserunt,
321 2036 506 2117 diutinaque
521 2037 650 2101 lieentia
665 2042 697 2100 et
712 2035 827 2099 iniuria
842 2033 932 2116 quasi
947 2034 1014 2099 iure
1029 2041 1061 2099 et
1075 2054 1176 2116 aequo

132 2142 328 2208 nitebantur.
350 2140 447 2224 igitur
461 2140 649 2206 abiudicatis
671 2141 756 2223 agris
778 2147 846 2205 orta
867 2140 1019 2203 adversus
1041 2136 1178 2203 iudicem

131 2246 272 2331 inridia3
301 2251 332 2309 et
355 2253 483 2310 senatus
508 2245 618 2327 ignota
645 2244 705 2309 sibi
735 2263 803 2308 esse
826 2242 978 2307 mandata
999 2241 1124 2307 Claudii
1146 2247 1178 2306 et

134 2348 366 2415 consulendum
381 2349 556 2432 principem
571 2348 741 2433 respondit.
766 2347 852 2412 Nero
867 2347 1001 2431 probata
1015 2345 1179 2411 Strabonis

134 2453 307 2535 sententia,
336 2472 369 2518 se
395 2452 494 2518 nihilo
522 2453 626 2517 minus
654 2452 823 2517 subvenire
850 2451 942 2516 sociis
969 2457 1001 2515 et
1028 2455 1179 2533 usurpata

134 2556 314 2625 concedere
336 2557 504 2640 rescripsit.

245 2660 295 2725 19.
331 2660 512 2742 Sequuntur
534 2660 672 2725 virorum
694 2658 874 2724 inlustrium
895 2665 1021 2740 mortes,
1050 2657 1178 2722 Domitii
1252 2671 1299 2716 sot

133 2763 207 2830 Afri
229 2773 261 2854 et
283 2764 324 2829 M.
349 2764 483 2847 Servilii,
512 2764 567 2847 qui
588 2763 718 2829 summis
745 2763 918 2827 honoribus
944 2769 976 2827 et
998 2763 1096 2827 multa
1118 2762 1178 2826 elo·
1196 2740 1352 2863 '‘322²“

134 2869 267 2951 quentia
287 2868 463 2952 viguerant,
486 2868 540 2932 ille
563 2867 681 2932 orando
704 2887 825 2951 causas,
849 2866 1000 2931 Servilius
1022 2866 1076 2931 diu
1098 2865 1176 2947 foro,
1212 2879 1334 2925 sanutus.

135 2992 213 3037 mox
236 2970 397 3036 tradendis
419 2972 514 3036 rebus
528 2971 680 3036 Romanis
703 2970 837 3036 celebris
860 2977 892 3034 et
907 2971 1066 3053 elegantia
1081 2971 1176 3051 vitae,

136 3079 235 3157 quam
262 3074 425 3140 clariorem
456 3075 570 3159 effecit,
601 3080 637 3139 ut
663 3095 721 3158 par
746 3074 885 3155 ingenio,
912 3073 959 3138 ita
985 3094 1106 3138 morum
1134 3072 1178 3137 di-

136 3198 258 3244 le‘SllS.

243 3386 295 3451 20.
319 3387 447 3451 Nerone
462 3393 608 3468 quartum
623 3385 766 3451 Cornelio
782 3384 878 3450 Cosso
894 3385 1074 3451 consulibus
1090 3384 1178 3467 quin·
1255 3397 1296 3443 sn

139 3490 298 3571 quennale
314 3489 469 3553 ludicrum
484 3491 604 3555 Romae
619 3489 796 3553 institutum
813 3495 861 3554 est
876 3488 919 3552 ad
934 3508 1053 3554 morem
1066 3487 1178 3552 Graeci
1205 3465 1344 3582 &wll

141 3592 329 3675 certaminis,
356 3593 446 3657 varia
473 3592 570 3677 fama,
600 3597 635 3657 ut
664 3599 778 3657 cuncta
804 3592 904 3656 ferme
930 3611 1022 3657 nova.
1061 3590 1178 3674 quippe
1201 3607 1349 3720 acnupprue

1249 3682 1268 3720 lb
1279 3685 1290 3719 t

141 3703 240 3781 erant,
265 3697 318 3779 qui
333 3696 479 3761 Gnaeum
501 3716 625 3779 quoque
640 3697 826 3780 Pompeium
847 3697 1025 3761 incusatum
1045 3695 1179 3758 asenio
1231 3745 1324 3797 mm

141 3799 226 3866 ribus
252 3800 383 3883 ferrent,
414 3802 499 3882 quod
527 3821 709 3866 mansuram
735 3801 852 3865 theatri
875 3800 983 3865 sedem
1011 3799 1177 3883 posuisset.

141 3924 215 3969 nam
238 3913 334 3970 antea
356 3905 514 3970 subitariis
529 3905 680 3988 gradibus
695 3911 727 3970 et
742 3925 858 3969 scaena
872 3904 906 3968 in
920 3910 1046 3987 tempus
1062 3908 1181 3968 structa
