2984 4275
316 196 358 260 36
545 212 594 266 Ab
613 228 728 267 excessu
745 212 779 267 n.
793 212 918 283 Augusti
936 213 994 267 xrr
1012 216 1124 270 38-41.

316 395 383 451 tum
398 386 488 471 foret,
512 387 616 451 minus
629 388 754 452 intenta
768 388 855 471 apud
869 407 927 452 nos
942 387 1056 452 militia
1071 387 1140 471 fuit,
1164 387 1232 451 sive
1247 387 1357 453 hostes

317 490 516 556 miseratione
531 491 614 555 tanti
636 491 720 574 regis
735 490 838 555 acrius
853 492 895 556 ad
918 491 1071 555 ultionem
1087 511 1243 556 exarsere.
1266 512 1355 575 prae-

314 594 433 659 fectum
448 602 622 660 castrorum
642 602 674 660 et
688 594 878 678 legionarias
892 596 1037 661 cohortes
1054 595 1253 660 exstruendis
1268 596 1356 680 apud

316 698 435 765 Siluras
451 700 616 783 praesidiis
631 699 755 763 relictas
770 698 1033 764 circumfundunt.
1055 720 1093 764 ac
1108 699 1140 763 ni
1157 700 1218 764 cito
1233 700 1355 764 nuntiis

316 822 356 866 ex
385 803 522 868 castellis
547 802 698 887 proximis
728 803 831 867 missis
861 803 1051 868 subventum
1080 803 1162 868 foret
1192 803 1354 887 copiarum

315 906 478 992 obsidioni,
503 907 740 973 obnubuissent:
767 905 945 989 praefectus
967 914 1075 970 tamen
1100 913 1133 971 et
1155 913 1223 971 octo
1247 912 1353 970 centu-

314 1011 419 1076 riones
448 1032 486 1075 ac
514 1011 763 1095 promptissimus
794 1010 925 1094 quisque
957 1030 975 1074 e
1002 1009 1171 1094 manipulis
1201 1009 1353 1074 cecidere.

315 1135 375 1180 nec
390 1115 489 1179 multo
510 1121 582 1198 post
597 1114 779 1197 pabulantis
794 1122 916 1179 nostros
931 1112 1105 1196 missasque
1121 1113 1163 1177 ad
1179 1113 1355 1178 subsidium

263 1274 266 1280 ,
315 1225 435 1283 turmas
458 1219 635 1302 profligant.

113 1400 115 1404 ¹
198 1336 246 1381 su
420 1321 471 1386 39.
496 1323 576 1386 Turn
592 1321 733 1387 Ostorius
757 1320 900 1387 cohortes
923 1322 1088 1405 expeditas
1110 1322 1269 1407 opposuit;
1293 1343 1355 1387 nec

142 1404 298 1458 mmmm·
315 1426 386 1491 ideo
416 1427 526 1509 fugam
555 1426 694 1510 sistebat,
725 1426 760 1490 ni
786 1426 927 1508 legiones
956 1426 1110 1509 proelium
1138 1427 1354 1510 excepissent:

315 1549 422 1594 earum
452 1532 564 1596 robore
594 1535 730 1612 aequata
759 1549 877 1613 pugna,
913 1528 987 1594 dein
1018 1529 1110 1595 nobis
1137 1550 1194 1612 pro
1223 1530 1354 1594 meliore

313 1634 384 1705 fuit.
422 1634 562 1716 effugere
586 1633 691 1697 hostes
713 1633 800 1697 tenui
823 1633 948 1717 damno,
979 1633 1053 1716 quia
1074 1632 1251 1698 inclinabat
1274 1633 1352 1699 dies.

298 1737 424 1802 'crebra
446 1737 520 1801 hinc
542 1737 670 1821 proelia,
699 1743 731 1800 ct
753 1736 879 1819 saepius
905 1736 937 1799 iu
960 1736 1090 1800 modum
1121 1736 1275 1800 latrocinii
1297 1758 1356 1820 per

314 1842 412 1907 saltus
442 1861 497 1925 per
526 1841 666 1924 paludes,
701 1847 736 1904 ut
766 1840 879 1922 cuique
909 1859 976 1904 sors
1005 1846 1059 1903 aut
1089 1840 1199 1923 virtus,
1234 1848 1354 1905 temere

314 1944 447 2028 proviso,
471 1945 511 2008 ob
533 1944 613 2008 iram
637 1945 676 2009 ob
693 1942 854 2028 praedam,
878 1942 967 2007 iussu
990 1948 1022 2007 et
1041 1942 1212 2026 aliquando
1234 1943 1354 2026 ignaris

313 2047 454 2112 ducibus.
471 2066 509 2111 ac
524 2047 694 2132 praecipua
709 2046 846 2112 Silurum
860 2047 1048 2131 pervicacia,
1067 2067 1144 2130 quos
1158 2047 1355 2112 accendebat

314 2156 444 2238 vulgata
466 2154 663 2239 imperatoris
685 2153 821 2218 Romani
843 2173 916 2236 uox,
940 2160 975 2217 ut
998 2151 1157 2235 quondam
1184 2152 1355 2235 Sugambri

314 2260 411 2324 excisi
433 2260 541 2324 autin
564 2259 684 2323 Gallias
710 2258 836 2322 traiecti
862 2257 975 2340 forent,
1003 2257 1049 2320 ita
1076 2255 1214 2321 Silurum
1237 2277 1354 2321 nemen

314 2365 439 2446 penitus
472 2361 732 2446 extinguendum.
770 2361 868 2444 igitur
897 2362 976 2425 duas
1009 2360 1178 2424 auxiliares
1209 2359 1354 2425 cohortes

313 2466 449 2531 avaritia
477 2467 708 2550 praefectorum
738 2465 895 2530 incautius
925 2465 1114 2548 populantes
1143 2465 1353 2549 intercepere;

314 2572 476 2654 spoliaque
500 2579 531 2636 et
554 2571 696 2655 captivos
722 2569 885 2651 largiendo
912 2577 1034 2634 ceteras
1058 2589 1182 2651 quoque
1209 2569 1355 2634 nationes

314 2675 356 2739 ad
386 2675 594 2740 defectionem
624 2674 803 2757 trahebant,
838 2693 909 2738 cum
941 2673 1047 2737 taedio
1077 2693 1221 2738 curarum
1251 2673 1354 2740 fessus

314 2778 455 2843 Ostorius
477 2778 630 2843 concessit
651 2778 726 2858 vita,
753 2777 847 2843 laetis
868 2776 1021 2860 hostibus,
1049 2783 1211 2860 tamquam
1239 2777 1354 2843 ducem

313 2882 401 2947 haud
430 2882 643 2965 spernendum
673 2881 733 2946 etsi
763 2903 827 2945 non
856 2881 1020 2965 proelium,
1055 2887 1088 2944 at
1118 2888 1203 2945 certe
1234 2882 1353 2946 bellum

315 2986 551 3070 absumpsisset.

193 3102 249 3148 seru
419 3090 471 3156 40.
505 3091 548 3154 At
574 3091 692 3155 Caesar
714 3089 840 3172 cognita
867 3097 966 3155 morte
993 3089 1099 3172 legati,
1128 3109 1168 3154 ne
1191 3089 1355 3172 provincia
1453 3088 1458 3091 ’

154 3174 286 3290 ffiffi‘g
316 3195 383 3260 sine
405 3200 526 3259 rectore
548 3195 639 3279 foret,
663 3195 700 3259 A.
716 3193 847 3258 Didium
869 3193 1000 3258 suffecit.
1038 3194 1066 3257 is
1087 3213 1221 3277 propere
1243 3200 1353 3259 vectus
1485 3178 1486 3197 ¹

174 3313 266 3369 usuale
316 3320 379 3363 non
401 3305 507 3363 tamen
529 3299 669 3381 integras
691 3319 742 3364 res
757 3297 889 3381 inuenit,
912 3297 1047 3362 adversa
1068 3296 1196 3362 interim
1219 3298 1354 3379 legionis

141 3384 298 3499 {ffffiffuffi
315 3426 431 3489 pugna,
463 3405 514 3469 cui
535 3403 671 3468 Manlius
693 3403 813 3467 Valens
841 3407 994 3484 praeerat,
1026 3408 1182 3483 auctaque
1210 3407 1241 3464 et
1267 3400 1353 3483 apud

154 3524 197 3569 unu
216 3524 284 3576 runem
314 3509 421 3574 hostes
444 3509 510 3573 eius
532 3507 579 3572 rei
600 3507 697 3590 fama,
726 3526 787 3589 quo
809 3504 989 3570 uenientem
1012 3504 1125 3570 ducem
1148 3511 1353 3590 exterrerent,

162 3594 279 3708 &2¹32ss
315 3622 411 3697 atque
438 3614 490 3677 illo
514 3619 651 3694 augente
677 3611 796 3692 audita,
825 3617 860 3674 ut
886 3610 985 3674 maior
1006 3611 1075 3673 laus
1104 3607 1285 3692 compositis
1312 3615 1352 3689 et,

316 3719 342 3784 si
365 3717 573 3800 duravissent,
601 3716 696 3780 venia
716 3714 828 3779 iustior
849 3713 1044 3778 tribueretur.
1084 3712 1201 3777 Silures
1222 3711 1257 3776 id
1281 3733 1354 3796 quo-

315 3843 376 3904 que
399 3823 549 3886 damnum
571 3819 742 3885 intulerant
770 3820 895 3901 lateque
923 3817 1148 3901 persultabant,
1178 3816 1279 3881 donec
1300 3817 1354 3880 ad·
1485 3792 1486 3847 ¹

315 3946 407 3991 cursu
430 3925 517 3989 Didii
540 3925 736 4009 pellerentur.
761 3923 819 3987 sed
841 3928 911 4006 pest
924 3928 1050 4005 captum
1064 3920 1251 3985 Caratacum
1267 3941 1354 4004 prae·
1485 3904 1487 4033 i
