2984 4275
325 186 388 251 164
548 201 598 256 Ab
617 215 735 256 excessu
753 199 787 254 D.
799 199 927 268 Augusti
945 197 1015 253 XVI
1033 200 1145 254 26-31.

323 397 485 444 cessurum
516 383 646 441 senatus
675 375 835 440 consulto:
870 394 945 438 nam
976 372 1083 457 plebei
1111 372 1256 438 tribunus
1288 383 1361 439 erat.

322 481 462 547 cohibuit
485 481 611 566 spiritus
634 479 701 545 eius
723 478 877 560 Thrasea,
908 498 949 542 ne
971 497 1057 541 vana
1079 484 1112 541 et
1133 497 1187 542 reo
1209 497 1274 541 non
1297 498 1362 562 pro·

322 586 438 669 futura,
461 584 662 650 intercessori
682 583 817 648 exitiosa
832 581 996 666 inciperet.
1020 581 1081 646 sibi
1095 588 1199 646 actam
1214 588 1361 666 aetatem,

322 698 354 756 et
376 696 423 754 tot
445 710 501 774 per
524 710 624 755 annos
647 687 833 752 continuum
854 687 939 751 vitae
965 685 1109 751 ordinem
1131 706 1196 750 non
1219 685 1363 752 deseren-

321 794 414 859 dum:
436 795 484 859 illi
499 794 625 859 initium
641 793 885 875 magistratuum
905 797 937 856 et
956 791 1080 873 integra
1099 810 1180 873 quae
1196 792 1360 875 supersint.

320 902 454 965 multum
484 907 559 963 aute
588 918 695 963 secum
722 895 928 980 expenderet,
959 894 1045 976 quod
1073 896 1131 960 tali
1159 896 1192 960 in
1219 902 1361 981 tempore

320 1003 536 1088 capessendae
558 1002 605 1067 rei
625 1001 772 1086 publicae
793 1000 854 1065 iter
867 999 1096 1082 ingrederetur.
1127 1008 1268 1065 ceterum
1283 1000 1360 1084 ipse,

319 1129 361 1173 an
383 1108 491 1173 uenire
513 1107 546 1170 in
569 1111 716 1172 senatum
739 1104 876 1187 deceret,
904 1103 1100 1168 meditationi
1122 1124 1199 1170 suae
1221 1105 1358 1188 reliquit.

163 1229 221 1274 ueto
239 1226 286 1281 root
423 1212 475 1276 27.
510 1213 553 1275 At
578 1216 704 1295 postera
729 1211 800 1273 luce
828 1209 911 1273 duae
939 1209 1115 1292 praetoriae
1141 1208 1287 1274 cohortes
1313 1230 1359 1274 ar-

154 1298 294 1422 wffim,
319 1322 424 1381 maiae
446 1316 601 1399 templum
623 1313 802 1379 Genetricis
824 1313 956 1377 Veneris
977 1312 1130 1377 insedere.
1167 1313 1290 1378 aditum
1312 1334 1359 1379 se·

178 1437 264 1490 cerasa
318 1428 412 1485 natus
438 1420 553 1503 globus
580 1425 759 1501 togatorum
789 1417 956 1483 obsederat
985 1438 1049 1482 non
1077 1418 1207 1483 occultis
1234 1420 1358 1502 gladiis

164 1506 280 1621 'ww
317 1525 513 1609 dispersique
540 1544 597 1607 per
623 1523 692 1587 fora
719 1543 758 1587 ac
785 1522 932 1587 basilicas
959 1523 1052 1586 cunei
1079 1522 1239 1588 militares.
1277 1524 1360 1589 inter

160 1645 283 1689 acuatum
316 1648 449 1710 quorum
472 1634 618 1712 aspectus
641 1633 673 1692 et
695 1627 798 1691 minas
824 1626 959 1709 ingressi
981 1627 1102 1691 curiam
1124 1636 1294 1713 senatorer,
1326 1635 1359 1694 et

202 1715 238 1758 Μ’
273 1813 280 1830 .
315 1734 415 1798 oratio
438 1733 587 1818 principis
609 1752 666 1816 per
688 1738 889 1814 quaestorem
913 1731 980 1795 eius
1003 1730 1113 1795 audita
1135 1737 1200 1796 est:
1229 1733 1357 1798 nemine
1475 1758 1476 1815 q

314 1838 502 1903 nominatim
518 1837 705 1921 compellato
729 1841 835 1919 patres
851 1836 1014 1918 arguebat,
1039 1835 1124 1916 quod
1147 1836 1275 1920 publica
1291 1858 1357 1902 mu·
1472 1824 1476 1931 i

313 1944 368 2008 nia
397 1943 577 2008 desererent
609 1960 780 2022 eorumque
810 1942 956 2024 exemplo
991 1940 1113 2023 equites
1147 1941 1283 2005 Romani
1312 1941 1355 2005 ad

314 2047 484 2132 segnitiam
506 2051 719 2110 verterentur:
751 2045 868 2110 etenim
891 2044 968 2126 quid
994 2045 1108 2109 mirum
1135 2063 1153 2108 e
1175 2045 1355 2127 longinquis

312 2152 481 2238 provinciis
503 2151 590 2215 haud
612 2151 723 2232 veniri,
756 2170 828 2214 cum
851 2150 992 2233 plerique
1023 2149 1131 2234 adepti
1154 2152 1355 2216 consulatum

313 2265 345 2322 et
361 2256 537 2323 sacerdotia
551 2256 713 2319 hortorum
728 2255 834 2338 potius
849 2254 1033 2319 amoenitati
1048 2254 1244 2319 inservirent.
1269 2255 1354 2338 quod

313 2363 401 2427 velut
423 2361 522 2425 telum
546 2360 723 2443 corripuere
745 2365 953 2424 accusatores.

145 2497 286 2550 equam,
416 2466 469 2529 28.
492 2465 532 2529 Et
554 2464 679 2528 initium
701 2462 838 2527 faciente
860 2463 1055 2546 Cossutiano,
1078 2463 1196 2528 maiore
1219 2465 1253 2527 vi
1273 2465 1353 2529 Mar-

144 2568 190 2611 ω
204 2567 288 2620 merua
312 2570 410 2634 celius
425 2589 583 2633 summam
598 2588 666 2632 rem
681 2567 841 2650 publicam
856 2568 908 2650 agi
931 2568 1129 2650 clamitabat3
1154 2570 1353 2635 contumacia

156 2637 290 2759 amp,
310 2673 494 2738 inferiorum
516 2672 680 2736 lenitatem
703 2672 912 2755 imperitantis
932 2671 1082 2737 deminui.
1106 2672 1239 2737 nimium
1260 2674 1352 2738 mites

191 2776 237 2821 ω
310 2777 352 2841 ad
368 2797 439 2841 eam
455 2775 538 2840 diem
561 2781 674 2859 patres,
699 2776 754 2856 qui
768 2776 944 2841 Thraseam
969 2776 1207 2859 desciscentem,
1231 2779 1286 2859 qui
1299 2799 1351 2861 ge-

136 2845 293 2968 i‘iffpiffif‘
310 2901 420 2946 nerum
441 2880 508 2944 eius
527 2880 710 2945 Helvidium
732 2880 875 2944 Priscum
898 2880 931 2944 in
954 2880 1055 2944 isdem
1073 2879 1240 2962 furoribus,
1257 2883 1349 2948 simul

308 2985 480 3049 Paconium
492 2984 713 3069 Agrippinum,
738 2985 864 3068 paterni
885 2984 919 3049 in
935 2984 1094 3068 principes
1109 2984 1173 3050 odii
1188 2985 1347 3070 heredem,

308 3095 340 3153 et
369 3088 512 3153 Curtium
539 3088 727 3153 Montanum
758 3088 948 3153 detestanda
978 3089 1120 3153 carmina
1149 3089 1349 3156 factitantem

307 3193 436 3258 eludere
457 3192 578 3277 inpune
601 3194 750 3258 sinerent.
775 3193 935 3275 requirere
957 3212 991 3257 se
1015 3194 1048 3257 in
1071 3201 1184 3257 senatu
1207 3196 1348 3260 cousula-

306 3318 382 3379 rem,
413 3297 447 3360 in
476 3298 558 3362 votis
585 3298 794 3381 sacerdotem,
828 3298 861 3361 in
892 3298 960 3362 iure
987 3297 1121 3362 iurando
1144 3297 1256 3381 civem,
1288 3300 1347 3364 nisi
1380 3339 1385 3345 -

306 3409 415 3467 contra
430 3402 575 3467 instituta
591 3410 622 3466 et
637 3402 846 3467 caerimonias
861 3402 1015 3467 maiorum
1033 3401 1224 3485 proditorem
1241 3405 1346 3487 palam

306 3513 338 3570 et
355 3506 479 3570 hostem
494 3505 636 3571 Thrasea
650 3506 816 3571 induisset.
841 3505 978 3587 denique
994 3526 1090 3589 agere
1113 3518 1292 3572 senatorem
1314 3515 1345 3571 et

304 3610 457 3695 principis
476 3610 702 3675 obtrectatores
729 3616 897 3694 protegere
912 3610 1021 3675 solitus
1036 3610 1168 3693 veniret,
1193 3619 1343 3694 censeret,

304 3713 380 3797 quid
404 3714 518 3796 corrigi
540 3716 728 3780 autmutari
745 3715 858 3779 vellet:
882 3714 1006 3780 facilius
1029 3716 1205 3799 perlaturos
1220 3716 1343 3800 singula

303 3819 522 3901 increpantem
539 3838 635 3899 quam
651 3839 736 3884 nunc
756 3819 915 3884 silentium
938 3819 1114 3903 perferrent
1129 3820 1237 3885 omnia
1260 3822 1343 3914 dam·

303 3922 419 3990 nantis.
450 3941 562 4006 paoem
591 3924 638 3987 iili
668 3944 724 4008 per
746 3924 856 3989 orbem
886 3930 1000 4009 terrae,
1031 3944 1073 3989 an
1100 3925 1248 3991 victorias
1277 3926 1341 3991 sine
