2984 4275
450 235 473 274 c.
485 220 518 275 u.
533 235 555 275 o.
569 220 675 288 arsur.
700 235 725 287 p.
739 219 802 273 cnr.
815 221 886 288 ocu.
1143 205 1184 268 97

145 399 235 456 catur
257 393 353 475 plano
376 393 469 458 alveo
492 393 643 458 aduersus
664 394 762 458 breve
778 399 809 458 et
823 393 989 459 incertum.
1013 394 1058 459 sic
1072 394 1185 481 pedes3

145 496 267 576 equites
296 494 380 560 vado
410 496 511 561 secuti
544 502 600 560 aut
628 496 756 561 altiores
785 497 867 562 inter
895 497 999 563 undas
1029 498 1186 563 adnantes

146 599 233 681 equis
256 599 430 664 tramisere.

249 703 301 768 30.
336 702 449 768 Stabat
476 724 533 789 pro
561 703 653 769 litore
683 705 810 770 diversa
836 704 931 789 acies,
962 706 1062 770 densa
1090 706 1186 771 armis
1222 722 1346 777 unumne

146 807 293 889 virisque,
320 807 603 873 intercursantibus
630 808 771 893 feminis3
801 808 834 872 in
863 807 992 873 modurn
1018 810 1185 874 Furiarum
1222 792 1343 846 mum·

145 917 234 976 vcste
261 910 361 994 ferali,
386 911 525 976 crinibus
554 911 684 976 deiectis
713 911 802 977 faces
831 911 1067 997 praeferebant3
1096 914 1185 977 Drui-

146 1014 268 1096 daeque
292 1015 419 1096 circum,
443 1034 553 1098 preces
575 1014 659 1080 diras
675 1016 808 1081 sublatis
830 1015 872 1079 ad
894 1017 1016 1080 eaelum
1039 1015 1186 1081 manibus

145 1117 325 1200 fundentes,
353 1117 493 1183 novitate
515 1126 662 1204 aspectus
684 1120 847 1204 perculere
870 1120 1013 1204 militem,
1036 1128 1072 1184 ut
1095 1121 1187 1203 quasi

26 1292 27 1301 ἵ
145 1221 350 1286 haerentibus
377 1222 528 1287 membris
557 1223 718 1288 immobile
750 1243 862 1307 corpus
888 1224 1072 1290 vulneribus
1099 1245 1186 1309 prae·

26 1332 27 1385 ξ
143 1324 265 1390 berent.
290 1325 364 1389 dein
387 1326 657 1391 cohortationibus
679 1326 768 1392 ducis
790 1332 822 1391 et
844 1327 954 1412 seipsi
975 1328 1184 1409 stimulantes,

143 1449 185 1493 ne
212 1429 366 1494 muliebre
393 1435 424 1494 ct
450 1429 624 1494 fanaticum
651 1451 767 1513 agmen
799 1438 1015 1515 pavescerent,
1040 1431 1187 1496 inferunt

145 1532 236 1616 signa
262 1533 608 1614 sternuntque—obvios
635 1540 667 1599 et
695 1534 763 1616 igni
792 1555 848 1600 suo
877 1534 1051 1600 involvunt.
1099 1556 1186 1619 prae·

144 1636 260 1702 sidium
282 1637 415 1721 posthac
436 1637 607 1722 inpositum
622 1638 722 1723 victis,
745 1638 906 1720 excisique
927 1639 991 1703 luci
1013 1639 1117 1704 saevis
1139 1659 1187 1704 su·

26 1736 27 1779 l
144 1740 381 1825 perstitionibus
403 1741 511 1805 sacri:·
532 1762 608 1805 nam
630 1761 740 1806 cruore
763 1741 887 1825 captivo
910 1741 1038 1807 adolere
1061 1761 1132 1807 aras
1154 1747 1186 1808 et

145 1844 309 1909 hominum
331 1843 419 1909 libris
441 1846 604 1910 consulere
627 1844 703 1910 deos
718 1845 768 1911 fas
783 1845 953 1910 habebant.
976 1846 1056 1910 haec
1071 1845 1187 1929 ‘agenti

146 1946 296 2012 Suetonio
318 1948 485 2031 repentina
507 1948 645 2013 defectio
667 1948 849 2033 provinciae
871 1950 1043 2013 nuntiatur.

250 2051 301 2115 31.
325 2053 395 2116 Rex
414 2052 581 2117 Icenorum
596 2053 799 2137 Prasutagus,
822 2054 919 2136 longa
941 2054 1103 2137 opulentia
1124 2054 1186 2117 cla·
1231 2068 1334 2121 autumo

144 2175 206 2240 rus,
230 2155 400 2220 Caesarem
422 2157 574 2221 heredem
596 2156 740 2239 duasque
762 2156 844 2223 filias
859 2157 1035 2241 scripserat,
1058 2157 1117 2222 tali
1132 2159 1185 2223 ob·
1219 2137 1348 2193 aaaron

145 2260 253 2341 sequio
276 2266 364 2324 ratus
389 2279 587 2341 regnumque
616 2267 649 2325 et
671 2262 801 2327 domum
827 2281 918 2325 suam
940 2261 1049 2344 procul
1071 2260 1185 2325 iniuria
1203 2208 1360 2322 caldata

26 2335 27 2362 ³
144 2362 219 2428 fore.
245 2363 330 2445 quod
353 2371 463 2429 contra
477 2364 581 2448 vertit,
605 2363 685 2429 adeo
700 2370 735 2429 ut
751 2384 885 2447 regnum
904 2384 961 2449 per
976 2365 1184 2449 centuriones,

144 2467 258 2532 domus
280 2487 337 2551 per
360 2487 467 2533 servos
489 2469 576 2533 velut
603 2475 695 2552 capta
717 2474 926 2533 vastarentur.
963 2468 1027 2531 iam
1050 2468 1185 2552 primum

26 2595 28 2606 ⁴
144 2591 224 2637 uxor
251 2571 319 2635 eius
345 2570 505 2636 Boudicca
530 2572 716 2637 verberibus
746 2571 876 2636 adfecta
905 2577 936 2636 et
964 2570 1049 2635 filiae
1079 2576 1185 2655 stupro

144 2674 284 2740 violatae
300 2680 387 2739 sunt:
410 2674 571 2759 praecipui
585 2676 702 2758 quique
724 2676 900 2757 Icenorum,
924 2675 1015 2758 quasi
1038 2680 1186 2739 cunctam

144 2779 309 2862 regionem
336 2780 459 2843 muneri
485 2779 692 2862 accepissent,
722 2778 816 2843 avitis
842 2778 934 2844 bonis
957 2785 1125 2862 exuuntur,
1154 2785 1186 2842 ct

145 2882 313 2967 propinqui
339 2882 425 2965 regis
451 2882 534 2947 inter
556 2882 716 2967 mancipia
742 2882 950 2948 habebantur.
990 2901 1054 2963 qua
1080 2887 1187 2947 contu-

145 2986 242 3051 melia
264 2991 297 3050 et
319 2991 405 3049 metu
426 2987 617 3069 graviorum,
641 2984 769 3070 quando
790 2986 825 3049 in
846 2984 982 3049 formam
1004 2985 1187 3070 provinciae

144 3094 317 3172 cesserant,
340 3089 468 3174 rapiunt
489 3109 588 3173 arma,
612 3090 776 3154 commotis
798 3088 840 3152 ad
862 3089 1101 3153 rebellationem
1122 3088 1187 3152 Tri-

144 3193 338 3259 nubentibus
365 3199 397 3258 et
423 3193 478 3274 qui
503 3194 558 3258 alii
584 3192 725 3258 nondum
753 3192 881 3258 servitio
908 3192 1001 3256 fracti
1027 3211 1187 3257 resumere

144 3296 325 3361 libertatern
355 3297 484 3362 occultis
512 3295 779 3361 coniurationibus
804 3296 1003 3380 pepigerant,
1034 3295 1186 3360 acerrimo

143 3400 177 3464 in
206 3407 377 3465 veteranos
406 3398 489 3465 odio.
534 3399 651 3483 quippe
681 3399 714 3464 in
744 3400 900 3465 coloniam
934 3398 1186 3463 Camulodunum

144 3521 257 3568 recens
291 3502 419 3567 deducti
451 3503 618 3587 pellebant
651 3502 809 3584 domibus,
842 3501 1057 3567 exturbabant
1090 3502 1210 3586 agris,

146 3608 298 3692 captivos,
316 3625 422 3671 seruos
444 3606 646 3691 appellando,
664 3605 846 3671 foventibus
867 3605 1077 3690 inpotentiam
1099 3611 1186 3696 vete-

145 3727 295 3775 ranorum
323 3709 475 3775 militibus
501 3709 707 3775 similitudine
728 3710 815 3774 vitae
842 3713 873 3774 et
900 3728 956 3791 spe
983 3707 1127 3773 eiusdem
1152 3708 1186 3771 li-

147 3813 281 3878 centiae.
304 3813 346 3877 ad
368 3813 429 3878 hoc
450 3815 603 3897 templum
626 3813 699 3878 divo
715 3812 847 3878 Claudio
870 3811 1073 3876 constitutum
1096 3810 1187 3892 quasi

147 3935 204 3980 arx
226 3922 376 3981 aeternae
399 3915 620 3981 dominationis
642 3916 864 4000 aspiciebatur,
887 3914 1066 3996 delectique
1086 3933 1187 3979 saecr-

198 4026 298 4070 anactea
310 4028 348 4070 beu
361 4026 459 4071 boetus.
475 4027 504 4069 11.
519 4026 559 4078 (u.
568 4026 652 4080 &abac
664 4026 689 4070 iu
702 4025 798 4080 deibus-ll
1068 4020 1083 4067 7
1149 4047 1151 4050 ·
