2984 4275
479 216 504 256 a.
516 200 549 256 U.
562 216 586 254 o.
599 203 658 256 812.
683 215 708 267 p.
722 198 784 253 Chr.
798 203 839 255 59.
1136 181 1176 245 89

137 395 207 440 rem
229 375 402 440 disserunt:
425 375 485 439 iret
503 373 678 458 intrepidus
693 379 725 437 et
738 374 976 438 venerationem
999 374 1049 438 sui
1071 393 1178 437 coram

138 479 348 564 experiretnr3
383 478 477 542 simul
506 476 673 562 praegredi
702 483 885 561 exposcunt.
924 484 956 542 et
985 477 1178 562 promptiora

137 602 236 666 quam
262 582 471 666 promiserant
496 581 672 665 inveniunt,
703 581 815 646 obvias
841 580 951 665 tribus,
982 581 1062 647 festo
1090 581 1178 645 cultu

137 692 298 769 senatum,
327 685 496 769 coniugum
522 705 560 750 ac
581 685 752 750 liberorum
779 686 908 768 agmina
934 705 991 770 per
1012 705 1124 751 sexum
1146 690 1179 748 et

137 796 279 855 aetatem
301 788 464 874 disposita,
492 795 678 872 exstructos,
701 810 765 873 qua
787 788 957 872 incederet,
988 788 1178 874 spectaculo·

135 915 210 959 rum
232 893 361 976 gradus,
386 913 448 976 quo
470 893 565 957 modo
587 893 737 977 triumphi
752 894 905 958 visuntur.
928 893 1001 958 hinc
1024 891 1179 977 superbus

135 1018 176 1062 ac
192 997 312 1081 publici
328 997 449 1062 servitii
463 997 564 1062 victor
579 997 770 1081 Capitolium
792 996 880 1081 adiit,
904 1004 1010 1083 grates
1032 996 1177 1078 exsolvit,

135 1104 237 1185 seque
266 1100 300 1165 in
330 1120 440 1166 omnes
473 1101 620 1166 libidines
650 1101 772 1183 effudit,
808 1122 887 1185 quas
916 1102 998 1166 male
1028 1101 1179 1166 coercitas

135 1205 381 1289 qualiscumque
403 1205 514 1269 matris
535 1204 714 1270 reverentia
736 1204 926 1271 tardaverat.

246 1308 296 1372 14.
330 1307 430 1373 Vetus
454 1308 502 1372 illi
528 1308 643 1393 cupido
672 1316 740 1373 erat
768 1311 922 1375 curriculo
953 1308 1179 1394 quadrigarum
1201 1321 1248 1377 rut
1261 1323 1297 1377 tt
1312 1323 1348 1368 πω

132 1414 294 1496 insistere,
325 1431 385 1477 nec
412 1411 516 1476 minus
543 1411 671 1477 foedum
702 1413 841 1477 studium
871 1414 994 1479 cithara
1023 1411 1179 1477 ludicrum
1202 1393 1354 1516 ”ww

132 1518 169 1581 in
196 1515 325 1581 modurn
353 1535 476 1580 canere.
515 1522 697 1581 concertare
723 1518 813 1600 equis
841 1517 964 1601 regium
985 1525 1018 1583 et
1040 1514 1180 1600 antiquis
1196 1533 1353 1585 orcarum

133 1620 274 1686 ducibus
295 1618 472 1684 factitatum
492 1620 699 1704 memorabat,
721 1620 820 1704 idque
834 1628 944 1686 vatum
962 1620 1111 1686 laudibus
1130 1640 1179 1685 ce·
1213 1602 1339 1726 gam,

133 1725 226 1790 lebre
249 1730 283 1788 et
305 1722 436 1788 deorum
457 1723 569 1788 honori
591 1724 711 1790 datum.
728 1725 890 1790 enimvero
913 1732 1024 1790 cantus
1040 1724 1180 1809 Apollini
1217 1750 1254 1794 aa
1267 1741 1332 1793 aaa

133 1847 254 1910 sacros,
279 1828 398 1911 talique
421 1835 534 1892 ornatu
555 1827 681 1892 adstare
702 1849 766 1894 non
782 1828 876 1894 modo
891 1827 1021 1893 Graecis
1042 1829 1075 1892 in
1098 1827 1179 1892 urbi·
1224 1808 1328 1862 ΜΨ

133 1934 209 2015 bus,
242 1930 300 1996 sed
330 1932 475 1995 Romana
504 1930 590 2016 apud
621 1934 739 2015 templa
768 1952 885 1997 numen
915 1932 1120 2016 praecipuum
1149 1937 1180 1996 et

133 2035 326 2120 praescium.
350 2055 410 2100 nec
431 2035 496 2098 iam
519 2034 586 2100 sisti
607 2041 740 2119 poterat,
764 2056 837 2100 cum
856 2035 997 2101 Senecae
1019 2055 1056 2099 ac
1079 2036 1179 2100 Burro

133 2141 253 2223 visum,
277 2158 319 2203 ne
341 2144 475 2220 utraque
497 2140 703 2224 pervinceret,
726 2141 859 2205 alterum
882 2140 1064 2206 concedere.
1097 2141 1179 2204 clau-

135 2263 273 2327 sumque
296 2242 379 2307 valle
403 2243 559 2308 Vaticana
589 2245 737 2327 spatium,
768 2245 801 2308 in
830 2264 892 2327 quo
919 2262 1017 2327 equos
1043 2249 1178 2325 regeret,

135 2346 227 2412 haud
248 2346 405 2431 promisco
428 2347 616 2431 spectaculo.
641 2367 715 2412 mox
738 2348 820 2412 ultro
842 2348 950 2412 vocari
971 2347 1107 2431 populus
1121 2347 1179 2410 Ro-

135 2472 255 2516 manus
277 2449 487 2532 laudibusque
514 2450 674 2531 extollere,
702 2458 736 2514 ut
763 2457 813 2516 est
834 2451 948 2533 vulgus
975 2450 1105 2534 cupiens
1128 2469 1180 2515 vo-

135 2556 296 2639 luptatum
319 2561 361 2636 et,
390 2554 417 2619 si
444 2554 555 2619 eodem
576 2555 723 2638 princeps
750 2553 865 2638 trahat,
888 2555 1015 2619 laetum.
1039 2561 1180 2618 ceterum

137 2660 309 2742 evulgatus
331 2658 432 2742 pudor
454 2678 518 2723 non
541 2658 729 2742 satietatem,
753 2664 788 2723 ut
809 2659 969 2740 rebantur,
993 2658 1049 2723 sed
1070 2658 1180 2722 incita·

138 2769 284 2828 mentum
307 2763 419 2828 attulit.
459 2770 608 2846 ratusque
630 2760 769 2827 dedecus
791 2761 915 2845 molliri,
938 2763 966 2827 si
987 2763 1094 2846 plures
1117 2761 1181 2827 foc·

138 2867 257 2948 dasset,
280 2867 432 2932 nobilium
455 2866 645 2931 familiarum
667 2873 809 2949 posteros
832 2871 973 2948 egestate
994 2867 1125 2931 venales
1146 2865 1179 2929 in

139 2990 291 3036 scaenam
325 2969 471 3054 deduxit3
507 2990 585 3053 quos
614 2969 682 3034 fato
711 2968 892 3053 perfunctos
920 2991 962 3035 ne
991 2971 1180 3035 nominatim

138 3074 276 3158 tradam,
299 3074 472 3139 maioribus
495 3094 603 3139 eorum
625 3072 827 3138 tribuendum
850 3080 935 3157 puto.
958 3095 1034 3138 nam
1057 3081 1089 3138 et
1113 3075 1181 3139 eius

140 3176 296 3261 flagitium
314 3186 371 3259 est,
395 3178 449 3260 qui
470 3177 639 3262 pecuniam
655 3176 695 3242 ob
711 3176 827 3241 delicta
846 3178 949 3261 potius
964 3176 1060 3262 dedit,
1085 3197 1179 3261 quam

141 3301 182 3346 ne
204 3280 437 3364 delinquerent.
474 3287 566 3347 notos
589 3300 713 3364 quoque
737 3280 860 3363 equites
885 3282 1046 3346 Romanos
1069 3300 1180 3365 operas
1211 3337 1213 3340 ,

142 3405 259 3449 arenae
288 3385 472 3471 promittere
502 3385 627 3468 subegit
657 3384 749 3450 donis
779 3384 969 3468 ingentibus,
1003 3385 1066 3450 nisi
1096 3384 1180 3469 quod

141 3507 263 3554 merces
286 3489 391 3573 abeo,
416 3489 471 3571 qui
492 3489 601 3553 iubere
623 3494 734 3571 potest,
758 3487 824 3552 vim
847 3488 1043 3553 necessitatis
1065 3488 1178 3553 adfert.

247 3591 297 3657 15.
331 3593 381 3657 Ne
403 3579 511 3656 tamen
533 3592 637 3657 adhuc
665 3592 793 3677 publico
815 3592 937 3657 theatro
960 3592 1180 3658 debonestare·
1254 3604 1295 3650 ab

142 3701 199 3777 tur,
221 3695 361 3761 instituit
383 3694 474 3760 ludos
495 3696 695 3761 Iuvenalium
716 3696 881 3780 vocabulo,
904 3696 938 3760 in
961 3715 1039 3779 quos
1060 3696 1179 3780 passim
1201 3674 1346 3798 m&

142 3800 270 3864 nomina
292 3798 378 3863 data.
405 3819 469 3863 non
491 3799 639 3864 nobilitas
662 3801 818 3883 cuiquam,
841 3819 905 3864 non
928 3803 1017 3864 aetas
1039 3806 1094 3864 aut
1116 3799 1181 3863 acti
1258 3814 1294 3857 au

143 3899 278 3967 honores
289 3900 526 3986 impedimento,
540 3922 601 3986 quo
613 3903 718 3968 minus
730 3902 842 3968 Graeci
858 3902 1005 3967 Latinive
1018 3902 1180 3968 histrionis
1196 3880 1351 3936 mmm
