2984 4275
494 187 518 224 a.
532 171 564 226 U.
578 186 603 225 e.
615 174 674 227 800.
699 188 724 239 p.
738 170 801 227 Chr.
813 165 856 226 47.
1175 156 1195 219 9

154 344 242 425 vitio,
265 344 360 427 eultu,
384 344 531 409 omnibus
554 344 708 410 externis:
732 347 807 409 atsi
830 352 964 430 paterna
978 346 1090 410 Italico
1105 366 1195 411 mens

155 455 249 531 esset,
277 468 341 511 non
363 447 460 512 alium
483 447 636 512 infensius
658 468 747 512 arma
770 456 879 513 eontra
901 449 1036 533 patriam
1059 469 1097 514 ae
1119 448 1195 514 deos

154 559 288 636 penates
311 571 406 633 quam
428 559 594 635 parentem
618 553 685 617 eius
708 554 896 617 exercuisse.

261 656 311 719 17.
355 655 413 719 His
453 662 549 738 atque
583 655 699 721 talibus
737 676 872 738 magnas
910 656 1018 740 copias
1052 661 1193 740 coegere,
1239 673 1342 725 sonans

154 778 214 823 neo
236 759 401 842 pauciores
422 759 568 823 italicum
592 760 816 842 sequebantur.
844 780 907 824 non
931 761 1016 824 enim
1038 760 1193 844 inrupisse
1230 742 1354 863 '‘225²'‘

154 863 196 926 ad
223 863 349 946 invitos,
381 862 439 927 sed
467 863 603 927 accitum
633 864 839 946 memorabat,
871 863 998 946 quando
1029 863 1193 928 nobilitate
1219 841 1362 932 serendas

154 974 276 1031 eeteros
306 967 456 1030 anteiret:
491 968 640 1031 uirtutem
670 967 897 1050 experirentur,
928 988 970 1031 an
1001 966 1132 1049 dignum
1159 986 1193 1031 se
1236 948 1342 1069 ὧι

153 1078 267 1153 patruo
293 1070 445 1151 Arminio,
480 1091 541 1134 avo
567 1071 737 1135 Actumero
767 1072 943 1154 praeheret.
981 1089 1041 1134 nee
1070 1076 1193 1153 patrem

154 1174 270 1255 rubori,
302 1174 387 1256 quod
416 1173 510 1238 fidem
541 1174 695 1239 adversus
724 1175 885 1239 Romanos
911 1173 1090 1239 volentibus
1120 1173 1194 1239 Ger·

157 1276 259 1341 manis
275 1284 434 1361 sumptam
457 1297 631 1359 numquam
647 1278 813 1342 omisisset.
837 1278 918 1342 falso
934 1278 1090 1343 libertatis
1105 1298 1195 1342 voea-

155 1381 264 1446 bulum
288 1381 418 1445 obtendi
440 1381 481 1445 ab
505 1381 553 1464 iis,
583 1382 638 1464 qui
659 1382 808 1465 privatim
831 1381 1015 1464 degeneres,
1038 1382 1072 1445 in
1095 1381 1196 1465 publi-

156 1504 228 1549 oum
251 1484 385 1565 exitiosi,
409 1484 489 1548 nihil
512 1485 581 1568 spei
602 1484 664 1549 nisi
685 1505 744 1568 per
766 1483 941 1549 discordias
963 1485 1114 1550 habeant.
1142 1486 1195 1549 ad-

157 1589 320 1671 strepebat
334 1588 408 1652 huio
423 1587 528 1652 alaere
543 1589 672 1673 uulgus5
696 1595 728 1653 et
744 1609 870 1671 magno,
886 1596 921 1653 ut
937 1590 1020 1653 inter
1033 1590 1194 1671 barbaros,

108 1715 113 1724 ·
155 1691 275 1775 proelio
297 1692 399 1756 vietor
424 1712 491 1772 rex,
524 1692 598 1756 dein
625 1692 766 1757 seeunda
792 1692 920 1757 fortuna
948 1692 991 1757 ad
1014 1694 1196 1776 superbiam
1238 1743 1245 1748 .

155 1794 323 1878 prolapsus
356 1796 529 1879 pulsusque
562 1817 601 1860 ae
630 1815 737 1860 rursus
768 1796 1050 1879 Langobardorum
1084 1798 1197 1881 opibus

156 1897 303 1980 refectus,
327 1899 484 1982 perlaeta
505 1919 564 1984 per
579 1900 713 1964 adversa
735 1919 786 1964 res
801 1899 977 1965 Gheruseas
1000 1900 1195 1966 adflictabat.

262 2001 312 2066 18.
352 2004 412 2066 Per
441 2002 524 2067 idem
557 2010 683 2086 tempus
716 2002 844 2084 Ghauei,
879 2003 967 2066 nulla
1000 2002 1196 2068 dissensione
1249 2018 1337 2064 arruns

155 2103 251 2187 domi,
275 2112 307 2170 et
329 2113 429 2171 morte
444 2105 612 2190 Sanquinii
634 2107 765 2191 alacres,
789 2105 865 2170 dum
881 2107 1016 2172 Corbulo
1031 2107 1194 2191 adventat,
1217 2088 1317 2208 ”⁶³:2¹2
1334 2088 1370 2132 Μ

152 2208 333 2274 inferiorem
361 2209 564 2274 Germaniam
594 2211 796 2274 ineursavere
824 2210 904 2274 duee
931 2209 1109 2295 Gannasco,
1142 2212 1196 2293 qui
1231 2225 1356 2280 emortua

155 2300 286 2377 natione
300 2313 503 2396 Gannineias,
527 2314 682 2378 auxiliare
705 2333 761 2378 aes
777 2313 831 2377 diu
847 2315 986 2397 meritus,
1009 2321 1082 2397 post
1097 2321 1195 2378 trans·
1246 2295 1343 2417 “233³

155 2416 242 2501 fuga,
272 2418 397 2482 levibus
423 2418 562 2500 nauigiis
588 2417 835 2502 praedabundus
864 2416 1026 2482 Gallorum
1057 2418 1196 2483 maxime
1238 2434 1342 2480 ostano.

154 2539 242 2584 oram
269 2521 428 2602 vastabat,
462 2541 525 2585 non
555 2523 686 2604 ignarus
717 2521 798 2586 dites
828 2528 859 2586 et
885 2521 1017 2586 inbelles
1044 2540 1123 2586 esse.
1161 2528 1195 2585 at
1218 2503 1369 2624 ffl}{”¹¹,‘,⁶,³,{¹ff¹

155 2623 290 2688 Corbulo
317 2625 513 2708 provinciam
539 2626 702 2708 ingressus
728 2645 848 2707 magna
870 2645 942 2689 eum
969 2644 1045 2689 eura
1068 2632 1099 2689 et
1120 2645 1195 2689 mox
1255 2643 1328 2697 sore.

154 2727 265 2810 gloria,
301 2728 351 2791 eui
379 2729 568 2812 principium
599 2729 654 2804 illa
684 2728 797 2792 militia
826 2728 895 2809 fuit,
930 2729 1073 2793 triremes
1103 2729 1195 2793 alueo

154 2829 269 2914 Rheni,
293 2839 414 2895 oeteras
429 2832 569 2915 navium,
592 2838 627 2895 ut
646 2852 793 2915 quaeque
807 2831 940 2913 habiles,
963 2851 1021 2916 per
1036 2832 1195 2896 aestuaria

155 2941 187 2998 et
210 2933 312 2999 fossas
339 2935 459 3019 adegit;
491 2936 709 3019 luntribusque
736 2936 874 3002 hostium
904 2935 1064 3017 depressis
1087 2941 1118 2999 et
1141 2955 1195 3000 ex-

153 3037 280 3102 turbato
308 3037 485 3120 Gannasco,
516 3039 571 3104 ubi
600 3040 781 3123 praesentia
808 3039 884 3102 satis
911 3038 1084 3122 composita
1110 3032 1202 3119 sunt,

156 3141 297 3222 legiones
324 3162 454 3226 operum
482 3148 514 3206 et
540 3142 657 3207 laboris
682 3142 826 3224 ignavas,
856 3141 1111 3226 populationibus
1133 3142 1194 3206 lae·

154 3251 270 3329 tantos,
298 3252 438 3310 ueterem
461 3244 504 3309 ad
527 3266 646 3310 morem
669 3245 804 3328 reduxit,
835 3246 969 3325 nequis
992 3245 1120 3328 agmine
1143 3245 1195 3310 de-

156 3349 282 3413 cederet
304 3369 362 3413 neo
384 3369 526 3433 pugnam
548 3350 611 3414 nisi
625 3350 728 3414 iussus
742 3349 846 3414 iniret.
869 3349 1030 3433 stationes,
1054 3349 1193 3431 vigiliae,

153 3452 267 3517 diurna
291 3458 506 3535 nocturnaque
529 3453 638 3516 munia
659 3453 693 3517 in
716 3453 813 3516 armis
836 3453 1048 3535 agitabantur.
1076 3451 1194 3516 ferunt·

154 3577 217 3638 que
247 3557 389 3636 militem,
421 3557 495 3639 quia
521 3557 639 3621 vallum
669 3576 732 3621 non
760 3556 929 3636 aooinetus,
960 3562 1056 3637 atque
1085 3556 1192 3639 alium,

154 3660 230 3741 quia
255 3661 394 3744 pugione
424 3666 547 3724 tantum
575 3661 734 3724 aeoinotus
764 3658 896 3741 foderet,
928 3665 1027 3723 morte
1056 3659 1192 3743 punitos.

153 3784 236 3846 quae
263 3764 361 3828 nimia
388 3770 420 3829 et
445 3764 602 3828 insertum
629 3784 671 3827 an
693 3762 774 3827 falso
804 3764 887 3827 iaota
910 3762 1064 3843 originem
1086 3768 1193 3826 tamen

152 3888 170 3932 e
186 3869 355 3933 severitate
378 3867 468 3932 dueis
483 3874 620 3952 traxere3
644 3867 863 3948 intentumque
880 3871 913 3930 et
928 3866 1053 3946 magnis
1069 3864 1193 3929 deliotis
