2984 4275
296 169 340 234 94
520 180 570 240 Ab
589 201 705 240 excessu
723 186 757 240 D.
770 181 895 254 Augusti
913 186 983 242 XIV
1002 189 1113 242 23-27.

143 375 248 455 'uorsus
400 359 452 425 23.
483 360 525 425 At
548 359 682 426 Corbulo
704 367 775 444 post
802 360 908 426 deleta
928 360 1084 425 Artaxata
1110 360 1266 425 utendum
1288 379 1336 425 re-

123 443 280 567 fflssoessg,
297 464 381 529 centi
411 470 529 529 terrore
558 471 645 531 ratus
671 463 714 527 ad
742 465 927 548 occupanda
953 465 1189 547 Tigranocerta,
1220 464 1338 546 quibus

169 593 234 637 resa
297 568 410 632 excisis
444 573 564 632 metum
596 566 734 632 hostium
767 568 947 633 intenderet
975 570 1041 652 vel,
1076 569 1103 632 si
1133 568 1336 653 pepercisset,

123 654 278 770 mm
297 673 485 738 clementiae
504 672 625 736 famam
644 671 879 756 adipisceretur,
903 673 976 737 illuc
997 672 1108 756 pergit,
1131 692 1195 737 non
1210 671 1337 737 infenso

297 776 446 860 exercitu,
469 796 511 840 ne
533 795 621 859 spem
643 776 756 840 veniae
779 776 925 859 auferret,
948 795 1052 857 neque
1075 782 1182 841 tamen
1205 776 1339 841 remissa

297 900 381 962 cura,
405 900 524 963 gnarus
546 880 673 944 facilem
697 886 819 943 mutatu
841 890 980 964 gentem,
1007 888 1042 944 ut
1064 900 1195 963 segnem
1218 879 1260 944 ad
1282 900 1334 964 pe·

295 985 403 1068 ricula,
432 985 480 1049 ita
504 982 637 1048 infidam
663 983 706 1048 ad
733 983 924 1049 occasiones.
962 984 1098 1069 barbari,
1129 1005 1186 1069 pro
1207 985 1339 1067 ingenio

296 1088 438 1170 quisque,
462 1088 515 1152 alii
536 1107 645 1171 preces
668 1087 790 1171 offerre,
818 1087 947 1169 quidam
971 1088 1116 1154 deserere
1139 1089 1225 1154 vicos
1248 1097 1279 1153 et
1300 1089 1338 1153 in

296 1193 369 1257 avia
392 1191 527 1274 digredi3
555 1210 593 1254 ac
615 1190 713 1273 fuere,
736 1192 791 1273 qui
813 1212 847 1257 se
869 1193 1027 1276 speluncis
1051 1200 1082 1257 et
1107 1193 1268 1258 carissima
1289 1213 1339 1257 se·

297 1316 369 1360 cum
403 1295 567 1361 abderent.
612 1296 707 1378 igitur
740 1295 806 1360 dux
842 1298 1004 1363 Romanus
1038 1296 1171 1362 diversis
1204 1297 1338 1378 artibus,

296 1387 510 1467 misericordia
532 1400 701 1466 adversum
723 1402 890 1485 supplices,
913 1401 1076 1466 celeritate
1096 1400 1246 1466 adversus
1268 1422 1340 1484 pro-

296 1506 401 1588 fugos3
425 1504 544 1569 inmitis
566 1504 615 1587 iis,
643 1505 696 1585 qui
718 1504 1072 1588 latebrasinsederant,
1097 1525 1152 1569 ora
1178 1513 1210 1570 et
1232 1506 1340 1570 exitus

296 1628 448 1693 specuum
481 1608 648 1673 sarmentis
678 1608 885 1691 virgultisque
917 1609 1092 1691 completos
1120 1609 1187 1691 igni
1221 1609 1336 1674 exurit.

297 1722 393 1794 atque
415 1713 503 1777 illum
527 1713 606 1777 fines
626 1732 699 1777 suos
719 1712 992 1797 praegredientem
1007 1713 1207 1778 incursavere
1223 1712 1338 1796 Mardi,

297 1817 468 1882 latrociniis
491 1817 622 1882 exerciti
644 1826 816 1898 contraque
842 1818 1075 1900 inrumpentem
1103 1817 1261 1880 montibus
1283 1817 1340 1880 de-

298 1921 394 2005 fensi;
417 1941 495 2002 quos
509 1921 644 1986 Corbulo
666 1921 805 1986 inmissis
827 1921 955 1985 Hiberis
970 1920 1107 1986 vastavit
1128 1920 1341 2002 hostilemque

298 2025 467 2091 audaciam
489 2032 619 2089 externo
642 2025 797 2106 sanguine
821 2026 904 2090 ultus
927 2030 983 2089 est.

168 2140 242 2186 buu
403 2129 455 2195 24
483 2129 556 2213 Ipse
579 2128 799 2211 exercitusque
822 2135 856 2194 ut
877 2129 972 2194 nullis
995 2149 1035 2194 ex
1058 2128 1177 2212 proelio
1201 2126 1340 2213 damnis,

157 2209 255 2333 :3⁶3ss
299 2236 344 2300 ita
370 2256 427 2319 per
452 2234 591 2318 inopiam
619 2240 650 2297 et
676 2233 800 2299 labores
827 2234 1034 2316 fatiscebant,
1057 2252 1152 2297 carne
1180 2231 1342 2316 pecudum

236 1074 245 1103 i

146 2349 265 2394 arcessa
300 2339 481 2423 propulsare
504 2338 623 2403 famem
646 2338 762 2403 adacti.
787 2338 905 2403 adhoc
927 2338 1059 2422 penuria
1080 2357 1191 2419 aquae,
1214 2335 1343 2402 fervida

136 2418 215 2472 elica
228 2418 273 2473 ab·
299 2450 414 2525 aestas,
442 2443 615 2525 longinqua
636 2442 751 2507 itinera
773 2443 841 2509 sola
865 2443 953 2506 ducis
975 2441 1128 2524 patientia
1151 2440 1341 2521 mitigaban-

299 2554 359 2629 tur,
387 2546 501 2612 eadem
523 2548 675 2639 pluraque
702 2547 847 2629 gregario
876 2546 973 2609 milite
995 2544 1167 2609 tolerantis.
1206 2551 1340 2609 ventum

300 2650 415 2715 dehinc
436 2650 469 2713 in
489 2650 574 2715 locos
591 2651 690 2715 cultos
712 2649 939 2731 demessaeque
954 2656 1086 2732 segetes,
1111 2655 1142 2714 et
1158 2669 1199 2713 ex
1214 2647 1341 2714 duobus

300 2755 445 2838 castellis,
476 2754 510 2818 in
532 2774 614 2835 quae
644 2753 852 2837 confugerant
875 2752 1026 2836 Armenii,
1054 2752 1190 2817 alterum
1215 2752 1339 2835 impetu

300 2866 441 2942 captum3
464 2857 518 2939 qui
541 2858 678 2941 primam
693 2857 758 2922 rim
777 2856 972 2940 depulerant,
996 2855 1159 2921 obsidione
1173 2862 1340 2937 coguntur.

300 2962 384 3027 unde
406 2963 440 3026 in
461 2962 623 3043 regionem
644 2960 887 3025 Tauraunitium
909 2968 1122 3041 transgressus
1144 2959 1341 3042 inprovisum

299 3066 472 3150 periculum
498 3066 621 3133 vitavit.
666 3086 742 3130 nam
769 3064 856 3129 haud
881 3064 989 3148 procul
1018 3062 1151 3128 tenwmo
1179 3063 1246 3127 eius
1273 3081 1340 3126 non

300 3170 447 3254 ignobilis
470 3169 624 3235 barbarus
647 3189 719 3233 cum
734 3170 798 3233 telo
819 3175 964 3252 repertus
987 3166 1131 3231 ordinem
1151 3165 1340 3230 insidiarum

300 3294 397 3357 seque
425 3279 586 3338 auctorem
613 3280 644 3337 et
672 3274 772 3338 socios
794 3293 852 3357 per
873 3276 1030 3336 tormenta
1052 3269 1160 3353 edidit,
1192 3269 1341 3334 convicti-

301 3398 361 3460 que
384 3383 415 3443 et
437 3378 537 3461 puniti
560 3383 633 3441 sunt
655 3377 709 3459 qui
730 3378 836 3460 specie
859 3374 1015 3440 amicitiae
1038 3372 1145 3438 dolum
1172 3373 1339 3457 parabant.

300 3502 360 3548 nec
383 3482 482 3546 multo
505 3487 575 3564 post
597 3481 696 3563 legati
718 3482 945 3563 Tigranocerta
966 3478 1054 3543 missi
1082 3485 1191 3561 patere
1212 3478 1341 3541 moenia

300 3586 457 3669 adferunt,
491 3584 630 3649 intentos
660 3585 822 3669 popularis
850 3583 892 3647 ad
922 3582 1021 3646 iussa:
1056 3581 1148 3645 simul
1181 3579 1340 3663 hospitale

300 3689 427 3769 donum,
452 3707 600 3752 coronam
623 3708 763 3771 auream,
787 3686 966 3751 tradebant.
990 3685 1175 3768 accepitque
1198 3702 1271 3746 cum
1286 3683 1341 3747 ho·

300 3812 387 3874 nore,
415 3790 667 3873 necquicquam
688 3792 760 3855 urbi
787 3791 973 3871 detractum,
1001 3808 1064 3871 quo
1090 3787 1264 3872 promptius
1287 3786 1341 3852 ob·

301 3895 446 3977 sequium
466 3893 583 3976 integri
604 3895 785 3960 retinerent.
