2984 4275
515 149 540 187 a.
552 133 586 189 U.
599 150 622 188 c.
635 135 695 191 814.
718 151 745 202 p.
759 132 822 187 Chr.
835 136 877 189 61.
1154 117 1216 181 103

177 313 234 389 est,
257 313 450 388 senatusque
472 308 626 389 obsessus,
649 308 682 370 in
698 326 761 388 quo
775 307 843 390 ipso
859 313 949 370 erant
962 306 1067 371 studia
1084 306 1216 370 nimiam

177 411 379 475 severitatem
393 411 643 493 aspernantium,
667 410 810 494 pluribus
832 410 912 474 nihil
934 409 1122 473 mutandum
1145 429 1216 473 cen-

178 514 329 579 sentibus,
354 533 393 579 ex
417 515 487 596 quis
508 514 543 579 O.
559 513 686 579 Cassius
708 514 884 579 sententiae
907 514 975 577 loco
997 513 1031 576 in
1053 513 1137 577 hunc
1154 533 1216 578 mo·

178 616 253 681 dum
274 617 434 683 disseruit:

279 721 331 786 43.
356 715 613 806 ‘Saepenumerq
635 728 742 804 patres
765 720 941 803 conscripti,
966 719 999 783 in
1023 719 1083 783 hoc
1106 718 1215 784 ordine
1253 734 1375 788 ututur

175 824 315 905 interfui,
338 844 411 889 cum
434 830 544 890 contra
565 824 709 889 instituta
731 831 764 890 et
778 824 865 907 leges
887 824 1042 888 maiorum
1064 843 1148 888 nova
1169 843 1215 888 se·
1242 800 1381 918 '‘dam“

176 934 269 993 natus
292 928 420 994 decreta
442 929 688 1012 postularentur;
712 947 816 1009 neque
839 947 909 993 sum
931 927 1127 1011 adversatus,
1150 947 1214 993 non
1242 940 1382 996 concurr

174 1031 250 1111 quia
281 1031 470 1116 dubitarem,
505 1051 600 1116 super
628 1032 775 1097 omnibus
805 1032 939 1114 negotiis
972 1032 1085 1096 melius
1117 1038 1214 1112 atque
1259 1011 1366 1133 mssssm

174 1135 291 1200 rectius
313 1136 387 1199 olim
403 1136 575 1220 provisum,
591 1142 624 1200 et
638 1154 721 1217 quae
737 1141 1003 1219 converterentur,
1026 1136 1060 1200 in
1076 1134 1214 1200 deterius
1258 1149 1362 1195 suana·

174 1238 299 1321 mutari,
323 1238 381 1304 sed
402 1259 444 1304 ne
458 1240 555 1304 nimio
570 1259 678 1305 amore
699 1241 823 1321 antiqui
844 1242 940 1304 moris
954 1240 1093 1304 studium
1109 1259 1215 1304 meum
1264 1218 1358 1272 '‘mm“

174 1342 327 1407 extollere
348 1341 482 1408 viderer.
506 1345 599 1408 simul
613 1343 767 1425 quidquid
789 1343 897 1408 hocin
912 1344 1004 1408 nobis
1019 1343 1216 1408 auctoritatis

173 1453 231 1528 est,
255 1446 374 1511 crebris
396 1447 697 1513 contradictionibus
720 1446 947 1512 destruendum
970 1468 1034 1512 non
1057 1447 1215 1511 existima-

172 1549 260 1632 bam,
288 1555 324 1614 ut
348 1557 493 1615 maneret
519 1550 687 1634 integrum,
716 1549 892 1632 siquando
919 1570 969 1629 res
995 1551 1123 1634 publica
1146 1570 1215 1616 con·

172 1652 250 1717 siliis
272 1655 420 1736 eguisset.
445 1654 529 1736 quod
551 1654 646 1720 hodie
662 1654 758 1739 venit,
782 1656 939 1720 consulari
954 1658 1022 1720 viro
1037 1656 1123 1720 domi
1138 1675 1215 1720 suae

175 1756 340 1823 interfecto
362 1778 420 1842 per
441 1758 572 1823 insidias
594 1759 732 1839 serviles,
760 1778 840 1840 quas
861 1779 955 1824 nemo
976 1759 1137 1844 prohibuit
1158 1766 1215 1824 aut

174 1858 322 1944 prodidit,
339 1863 484 1942 quamvis
497 1861 638 1928 nondum
654 1881 806 1928 concusso
821 1870 951 1928 senatus
965 1864 1116 1944 consulto,
1129 1862 1214 1945 quod

174 1964 363 2048 supplicium
392 1965 449 2030 toti
475 1965 616 2030 familiae
641 1967 856 2031 minitabatur.
895 1966 1057 2031 decernite
1087 1966 1214 2032 hercule

173 2067 396 2153 inpunitatem,
424 2077 458 2134 ut
480 2088 573 2152 quem
597 2069 737 2154 dignitas
759 2090 817 2135 sua
838 2069 1000 2154 defendat,
1031 2089 1103 2134 cum
1125 2089 1215 2154 prae·

173 2171 258 2237 fecto
280 2173 366 2238 urbis
388 2193 451 2239 non
474 2175 648 2259 profuerit?
676 2194 772 2256 quem
794 2194 942 2239 numerus
965 2193 1127 2239 servorum
1149 2180 1213 2238 tue-

173 2283 254 2360 atur,
286 2296 357 2342 cum
387 2279 563 2343 Pedanium
590 2278 771 2344 Secundum
803 2277 1027 2360 quadringenti
1055 2296 1119 2341 non
1145 2297 1213 2360 pro·

173 2380 335 2446 texerint?
365 2383 416 2446 cui
438 2382 561 2448 familia
583 2402 676 2467 opem
699 2383 791 2467 ferat,
815 2401 897 2464 quae
919 2400 960 2446 ne
982 2382 1016 2446 in
1039 2386 1124 2444 metu
1148 2380 1212 2461 qui-

173 2483 248 2549 dem
271 2485 412 2567 pericula
434 2493 542 2551 nostra
556 2488 716 2553 advertit?
740 2508 793 2571 an,
816 2493 851 2551 ut
867 2486 997 2568 quidam
1011 2485 1132 2567 fingere
1148 2503 1212 2549 non

172 2588 374 2673 erubescunt,
401 2589 531 2654 iniurias
558 2610 631 2656 suas
658 2591 743 2656 ultus
771 2598 819 2656 est
848 2590 1038 2671 interfector,
1070 2589 1144 2670 quia
1171 2587 1213 2653 de

171 2698 306 2775 paterna
332 2694 467 2777 pecunia
493 2699 690 2777 transegerat
716 2701 772 2759 aut
797 2694 918 2759 avitum
945 2692 1138 2776 mancipium
1161 2691 1212 2757 de-

172 2796 380 2861 trahebatur?
425 2799 662 2881 pronuntiemus
690 2798 772 2863 ultro
800 2795 963 2862 dominum
988 2798 1056 2861 iure
1084 2816 1211 2862 caesum

170 2899 282 2963 videri.

276 3002 328 3067 44.
352 3002 446 3068 Libet
468 3012 655 3087 argumenta
671 3004 855 3086 conquirere
869 3003 904 3067 in
919 3022 965 3088 eo,
990 3002 1074 3085 quod
1090 3002 1212 3086 sapien-

170 3106 304 3172 tioribus
331 3105 541 3172 deliberatum
569 3109 638 3173 est?
684 3108 741 3174 sed
768 3114 799 3173 et
826 3107 853 3171 si
880 3126 964 3171 nunc
991 3107 1127 3191 primum
1150 3113 1211 3172 sta·

169 3210 325 3275 tuendum
336 3209 536 3294 haberemus,
548 3211 716 3277 creditisne
727 3232 853 3277 servum
868 3210 1079 3276 interficiendi
1090 3210 1211 3274 domini

170 3314 314 3378 animum
343 3315 524 3399 sumpsisse,
554 3322 589 3380 ut
618 3335 683 3381 non
704 3336 768 3380 vox
798 3315 906 3379 minax
930 3314 1101 3394 excideret,
1131 3313 1211 3378 nihil

170 3437 228 3500 per
241 3417 454 3482 temeritatem
475 3418 734 3502 proloqueretur?
757 3438 834 3483 sane
850 3417 1015 3482 consilium
1030 3417 1208 3498 occultavit,

169 3521 269 3585 tolum
283 3521 367 3586 inter
380 3522 507 3604 ignaros
529 3524 666 3607 paravit:
689 3544 767 3588 num
787 3521 937 3587 excubias
959 3520 1102 3601 transire,
1125 3520 1210 3584 cubi·

169 3624 232 3689 culi
260 3624 343 3690 fores
370 3625 541 3710 recludere,
569 3626 676 3692 lumen
698 3626 825 3711 inferre,
854 3624 986 3691 caedem
1009 3631 1134 3707 patrare
1156 3642 1209 3708 po·

169 3734 252 3792 terat
268 3728 415 3794 omnibus
437 3729 573 3793 nesciis?
597 3731 696 3794 multa
710 3715 837 3795 sceleris
852 3728 969 3793 iudicia
984 3726 1208 3813 praeveniunt:

168 3833 252 3897 servi
274 3832 301 3897 si
323 3832 469 3917 prodant,
492 3852 658 3917 possumus
680 3834 796 3916 singuli
817 3834 899 3897 inter
913 3832 1029 3915 plures,
1053 3831 1113 3896 tuti
1128 3831 1210 3894 inter
