2984 4275
284 186 326 249 12
520 203 570 257 Ab
590 217 706 256 excessu
724 202 758 256 u.
771 202 897 271 Augusti
915 202 958 256 xr
976 205 1088 258 rr-rs.

283 377 452 441 militarem
483 375 715 441 comitarentur.
755 374 830 441 dein
863 375 1067 459 gliscentibus
1096 375 1232 457 negotiis
1261 373 1324 439 duo

283 479 392 564 additi,
425 480 479 562 qni
510 479 631 543 Romae
657 486 819 544 curarent:
850 500 925 545 mox
955 478 1133 562 duplicatus
1163 497 1323 560 uumerus,

283 583 491 667 stipendiaria
526 584 591 647 iam
629 582 723 647 Italia
760 590 792 648 et
828 583 1053 648 accedentibus
1090 582 1324 665 provinciarum

282 687 500 770 vectigalibus.
539 692 610 770 post
639 687 712 768 lege
742 685 850 751 Sullae
876 687 990 769 viginti
1019 687 1119 750 creati
1148 685 1324 769 supplendo

282 792 417 875 senatui,
441 792 493 855 cui
516 790 635 854 iudicia
658 790 841 856 tradiderat.
866 797 898 855 ct
921 810 1113 873 quamquam
1135 791 1258 872 equites
1279 790 1324 854 iu·

282 895 366 959 dicia
387 894 659 978 reciperavissent,
685 901 854 976 quaestura
875 901 985 958 tamen
1011 914 1052 958 ex
1074 893 1230 976 dignitate
1252 913 1324 957 oan-

282 997 462 1062 didatorum
485 1005 541 1062 aut
564 997 716 1062 facilitate
738 997 945 1062 tribuentium
971 996 1109 1079 gratuito
1132 996 1325 1062 concedeba-

282 1108 341 1183 tur,
365 1100 467 1165 doneo
490 1101 649 1167 sententia
672 1100 858 1165 Dolabellae
880 1101 969 1165 velut
991 1099 1236 1165 venundaretur.

118 1321 160 1368 ate
174 1322 258 1368 cauta
388 1307 439 1373 23.
463 1308 501 1371 Α.
518 1308 645 1372 Vitellio
667 1308 702 1373 L.
719 1309 873 1392 Vipstano
895 1309 1076 1373 consulibus
1098 1328 1170 1372 cum
1192 1307 1234 1372 de
1253 1327 1323 1392 sup

110 1392 266 1514 ,affigam
282 1411 399 1496 plendo
430 1419 544 1476 senatu
565 1413 742 1494 agitaretur
768 1412 984 1495 primoresque
1007 1411 1140 1492 Galliae,
1164 1431 1246 1494 quae
1268 1411 1322 1475 Oo-

123 1530 257 1583 utaaaeca
283 1521 370 1579 mata
390 1516 581 1599 appellatur,
605 1515 735 1580 foedera
763 1522 795 1580 et
817 1515 977 1580 civitatem
999 1516 1176 1579 Romanam
1201 1513 1325 1599 pridem

168 1610 204 1646 ⁰³⁴
282 1618 436 1702 adsecuti,
456 1618 506 1682 ius
522 1618 799 1702 adipiscendorum
814 1619 848 1682 in
864 1620 941 1684 urbe
956 1617 1110 1684 honorum
1125 1625 1322 1703 expeterent,

283 1723 400 1787 multus
423 1743 461 1786 ea
485 1741 580 1806 super
602 1742 644 1800 re,
659 1723 832 1806 variusque
854 1743 970 1788 rumor.
1001 1731 1033 1787 et
1055 1723 1168 1788 studiis
1190 1722 1324 1788 diversis

282 1825 369 1909 apud
404 1825 580 1909 principem
614 1828 809 1910 certabatur,
848 1826 1105 1891 adseverantium
1141 1846 1206 1890 non
1243 1824 1324 1890 adeo

282 1948 412 2012 aegram
438 1930 574 2013 Italiam,
604 1937 638 1994 ut
666 1938 812 1995 senatum
840 1929 1044 2014 suppeditare
1071 1930 1143 1995 urbi
1168 1949 1245 1993 suae
1272 1949 1324 1993 ne-

282 2033 393 2113 quiret.
432 2034 595 2097 suffecisse
624 2034 698 2098 olim
725 2033 1161 2116 indigenasconsangnineis
1187 2033 1323 2116 populis,

281 2156 342 2201 nec
363 2139 527 2220 paenitere
549 2137 665 2203 veteris
688 2137 733 2203 rei
756 2139 911 2222 publicae.
937 2139 1013 2220 quin
1029 2136 1135 2202 adhuc
1156 2136 1325 2201 memorari

283 2240 440 2324 exempla,
472 2261 554 2323 quae
581 2242 695 2325 priscis
723 2241 863 2306 moribus
889 2242 931 2306 ad
954 2242 1103 2305 virtutem
1131 2248 1163 2305 et
1189 2241 1323 2322 gloriam

281 2344 426 2408 Romana
455 2344 579 2409 indoles
602 2344 787 2428 prodiderit.
827 2366 869 2409 an
891 2366 1013 2429 parum,
1043 2344 1127 2427 quod
1148 2344 1265 2408 Veneti
1291 2350 1324 2408 et

281 2448 431 2512 Insubres
466 2448 587 2511 curiam
621 2449 807 2531 inruperiut,
845 2449 908 2512 uisi
944 2455 1036 2512 coctu
1072 2448 1325 2529 alienigenarum

282 2551 368 2615 velut
391 2551 561 2634 captivitas
583 2551 760 2616 inferatur?
793 2572 887 2635 quem
910 2552 994 2616 ultra
1015 2550 1166 2615 honorem
1189 2549 1324 2614 residuis

282 2653 445 2735 nobilium,
469 2661 525 2717 aut
548 2655 575 2718 si
600 2654 670 2736 quis
692 2675 814 2739 pauper
836 2676 854 2721 e
876 2656 968 2721 Latio
990 2661 1118 2719 senator
1138 2654 1241 2718 foret?
1272 2673 1324 2737 op·

281 2757 422 2840 pleturos
445 2758 551 2822 omnia
568 2757 683 2823 divites
697 2759 779 2842 illos,
806 2779 937 2842 quorum
960 2760 1013 2823 avi
1034 2758 1208 2842 proavique
1230 2757 1324 2822 hosti-

281 2860 358 2923 lium
381 2861 546 2924 nationum
570 2861 668 2926 duces
691 2863 849 2927 exercitus
872 2869 995 2927 nostros
1022 2861 1106 2925 ferro
1128 2862 1224 2942 vique
1247 2861 1324 2925 ccci·

281 2963 395 3047 derint,
420 2963 530 3027 divum
553 2965 668 3028 Iulium
691 2966 777 3049 apud
799 2966 940 3031 Alesiam
964 2965 1162 3031 obsederint
1184 2964 1324 3028 recentia

282 3065 373 3130 haec:
399 3065 518 3148 quidsi
536 3070 688 3133 memoria
711 3088 821 3133 eorum
844 3076 993 3152 oreretur,
1018 3069 1073 3151 qui
1094 3068 1153 3132 sub
1169 3066 1324 3151 Capitolio

281 3177 314 3234 et
336 3189 409 3235 arce
430 3171 575 3236 Romana
598 3173 746 3238 manibus
779 3172 950 3238 eorundem
972 3171 1120 3256 prostrati
1142 3171 1227 3235 sint?
1261 3170 1324 3234 fru-

281 3280 409 3338 erentur
431 3294 509 3339 sane
531 3277 685 3342 vocabulo
708 3276 861 3342 civitatis:
888 3277 1027 3358 insignia
1047 3281 1184 3359 patrum,
1208 3273 1324 3338 decora

281 3377 523 3458 magistratuum
544 3400 587 3444 ue
609 3380 786 3463 vulgarent.

157 3494 216 3539 aare
384 3482 437 3546 24.
477 3483 536 3548 His
570 3490 667 3565 atque
702 3484 820 3548 talibus
853 3482 940 3545 hand
978 3488 1139 3566 permotus
1175 3481 1323 3564 princeps

109 3563 263 3687 ww
281 3589 313 3647 et
340 3585 446 3649 statim
474 3593 584 3651 contra
611 3587 758 3651 disseruit
785 3593 817 3651 et
843 3592 956 3650 vocato
983 3593 1096 3649 senatu
1123 3585 1166 3648 ita
1193 3603 1324 3649 exorsus

133 3702 236 3755 oratura
282 3694 342 3752 est:
365 3681 513 3753 ‘maiores
536 3690 608 3771 mei,
634 3710 767 3772 quorum
790 3689 1027 3772 antiquissimus
1045 3688 1180 3752 Clausus
1202 3687 1323 3771 origine

281 3789 401 3856 Sabina
424 3791 517 3855 simul
539 3792 572 3854 in
596 3792 757 3857 civitatem
780 3793 958 3856 Romanam
974 3800 1006 3857 et
1020 3792 1053 3855 in
1069 3791 1207 3855 familias
1229 3791 1323 3875 patri·

280 3894 399 3958 ciorum
423 3893 564 3959 adscitus
587 3902 644 3978 est,
669 3894 835 3960 hortantur
857 3896 904 3958 uti
924 3895 1055 3979 paribus
1077 3893 1217 3959 consiliis
1239 3895 1272 3958 in
1288 3915 1324 3959 re
