2984 4275
210 169 213 176 '
306 157 347 219 78
530 172 579 225 Ab
598 186 713 226 excessu
731 172 765 225 D,
778 171 903 240 Augusti
922 171 994 224 XIII
1012 174 1124 226 so-54.

304 348 474 431 plerasque
496 347 699 428 vectigalium
723 345 890 410 societates
913 365 933 409 a
953 345 1137 409 consulibus
1160 351 1191 409 et
1213 346 1350 411 tribunis

305 451 412 534 plebei
438 451 624 514 constitutas
646 450 710 514 acri
739 450 836 513 etiam
863 455 931 512 tum
958 449 1069 532 populi
1095 449 1229 513 Romani
1257 450 1349 515 liber-

306 562 385 637 tate;
409 555 532 636 reliqua
553 575 629 618 mox
651 555 696 618 ita
717 554 854 637 provisa,
878 561 913 617 ut
933 554 1014 617 ratio
1038 560 1225 635 quaestuum
1249 561 1282 617 et
1296 574 1350 619 ne-

305 660 437 723 cessitas
464 659 682 740 erogationum
714 659 798 721 inter
824 676 860 721 se
887 663 1083 739 congrueret.
1122 658 1348 741 temperandas

306 763 401 846 plane
430 763 669 845 publicanorum
703 761 877 846 cupidines,
912 781 953 824 ne
986 781 1044 844 per
1073 766 1119 825 tot
1148 783 1250 827 annos
1281 765 1349 828 sine

308 867 450 950 querella
479 867 613 931 tolerata
644 866 735 930 novis
765 864 990 930 acerbitatibus
1021 864 1063 929 ad
1093 866 1246 930 iuvidiam
1276 887 1347 931 ver-

307 977 418 1035 terent.
1045 960 1048 963 ’

188 1089 238 1133 utet
413 1074 464 1138 51.
488 1074 572 1155 Ergo
588 1072 689 1137 edixit
710 1074 868 1157 princeps,
892 1081 927 1137 ut
941 1075 1030 1156 leges
1045 1074 1196 1156 cuiusque
1219 1076 1348 1158 publici,

145 1158 178 1203 ω’
192 1155 282 1202 ΒΜ
309 1178 450 1242 occultae
465 1177 507 1241 ad
521 1176 555 1241 id
570 1185 706 1260 tempus,
723 1178 1006 1260 proscriberentur;
1032 1179 1166 1242 omissas
1180 1180 1351 1261 petitiones

146 1227 276 1349 enudato
309 1301 373 1345 non
396 1282 479 1345 ultra
505 1301 624 1345 annum
652 1289 862 1364 resumerent5
890 1282 1011 1345 Romae
1038 1288 1174 1365 praetor,
1203 1302 1260 1365 per
1281 1304 1350 1366 pro·

149 1366 272 1488 ,ήῖξῦζῆ
308 1386 430 1450 vincias
447 1386 501 1467 qui
522 1405 579 1467 pro
601 1391 746 1467 praetore
762 1392 817 1448 aut
832 1386 961 1449 consule
977 1392 1084 1450 essent
1105 1387 1174 1449 iura
1197 1387 1351 1451 adversus

309 1489 493 1572 publicanos
516 1495 606 1552 extra
630 1486 773 1552 ordinem
793 1488 977 1574 redderent3
1001 1489 1154 1553 militibus
1176 1490 1352 1554 inmunitas

309 1600 497 1674 servaretur,
521 1593 583 1656 nisi
605 1592 706 1675 iniis,
732 1611 813 1674 quae
830 1612 911 1657 veno
928 1600 1125 1675 exercerent;
1149 1594 1276 1675 aliaque
1297 1594 1350 1657 ad·

309 1696 438 1760 modum
466 1716 577 1779 aequa,
607 1715 688 1778 quae
715 1696 806 1760 brevi
832 1705 967 1777 servata,
996 1695 1069 1760 dein
1098 1696 1214 1761 frustra
1240 1697 1354 1762 habita

309 1807 391 1864 sunt.
435 1807 542 1863 manet
576 1808 683 1863 tamen
717 1800 846 1864 abolitio
881 1799 1168 1882 quadragensimae
1199 1801 1350 1884 quinqua-

308 1905 536 1987 gensimaeque
563 1911 594 1969 et
623 1923 703 1986 quae
730 1904 795 1967 alia
821 1904 1039 1968 exactionibus
1065 1905 1193 1969 inlicitis
1220 1906 1353 1969 nomina

308 2008 470 2092 publicani
491 2008 688 2073 invenerant.
724 2013 900 2091 temperata
923 2007 1008 2091 apud
1031 2010 1259 2073 transmarinas
1281 2030 1351 2093 pro-

308 2111 430 2177 vincias
453 2111 604 2177 frumenti
627 2112 799 2193 subvectio,
828 2118 922 2176 etue
945 2112 1090 2177 censibus
1117 2114 1350 2195 negotiatorum

309 2237 408 2281 naves
423 2216 677 2282 adscriberentur
691 2217 907 2298 tributumque
927 2237 983 2300 pro
999 2217 1062 2281 illis
1077 2217 1262 2301 penderent,
1278 2237 1352 2282 con-

309 2322 463 2385 stitutum.

186 2437 244 2490 ortt»
413 2423 464 2487 52.
488 2424 572 2487 Reos
596 2443 635 2487 ex
659 2424 821 2506 provincia
837 2422 954 2504 Africa,
980 2424 1033 2506 qui
1052 2424 1275 2507 proconsulare
1295 2425 1351 2487 im-

158 2509 269 2561 ¹”²‘⁶’¹¹¹¹⁰
309 2529 431 2618 perium
459 2527 522 2591 illic
550 2527 736 2608 habuerant,
773 2525 948 2610 Sulpicium
975 2524 1175 2591 Camerinum
1204 2534 1235 2591 et
1261 2528 1350 2608 Pom-

146 2577 276 2691 ouuhetduur
308 2632 415 2713 poium
447 2629 611 2694 Silvanum
642 2630 780 2694 absolvit
809 2630 935 2711 Caesar,
967 2630 1166 2694 Camerinum
1196 2631 1353 2695 adversus

153 2716 272 2829 &Imm
308 2735 449 2818 privatos
473 2741 504 2799 et
526 2754 653 2818 paucos,
682 2734 835 2799 saevitiae
863 2736 966 2817 magis
990 2755 1085 2817 quarn
1112 2742 1277 2818 captarum
1299 2755 1353 2818 pe·

308 2839 472 2902 cuniarum
499 2839 631 2902 crimina
658 2839 839 2903 obicientes.
886 2838 1051 2903 Silvanum
1079 2859 1197 2921 magna
1224 2839 1273 2902 vis
1300 2859 1351 2903 ac-

309 2949 488 3006 cusatorum
511 2943 760 3006 circumsteterat
786 2943 1001 3026 poscebatque
1024 2948 1149 3026 tempus
1178 2942 1352 3007 evocando·

310 3066 380 3109 rum
410 3046 551 3110 testium:
590 3065 661 3110 reus
691 3047 762 3111 ilico
792 3046 923 3111 defendi
956 3047 1146 3130 postulabat.
1186 3048 1348 3130 valuitque

309 3150 481 3233 pecuniosa
508 3150 642 3215 orbitate
665 3156 698 3214 et
719 3157 856 3231 senecta,
886 3171 981 3233 quam
1009 3152 1091 3214 ultra
1114 3151 1212 3215 vitam
1241 3171 1348 3215 eorum

310 3253 467 3337 produxit,
492 3274 624 3335 quorum
647 3254 769 3317 ambitu
791 3260 945 3320 evaserat.

158 3372 202 3416 so
216 3372 266 3416 sau
415 3356 467 3421 53.
491 3356 625 3433 Quietae
649 3355 691 3420 ad
713 3357 746 3420 id
766 3366 892 3441 tempus
908 3377 957 3421 res
976 3358 1008 3421 in
1026 3357 1199 3422 Germania
1213 3357 1348 3440 fuerant,

133 3439 291 3563 ‘mamm
310 3461 437 3543 ingenio
453 3461 579 3543 ducum,
604 3461 658 3542 qui
672 3462 868 3544 pervulgatis
883 3461 1035 3545 triumphi
1054 3462 1232 3543 insignibus
1248 3463 1355 3525 maius

152 3580 188 3623 oo
202 3581 272 3634 mutu
311 3585 352 3629 ex
375 3586 412 3629 eo
435 3566 533 3629 decus
557 3566 739 3649 sperabant,
768 3566 794 3629 si
816 3584 929 3649 pacem
952 3566 1233 3630 continuavissent.
1272 3566 1351 3628 Pau-

145 3649 279 3764 ¹¹¹¹³m2⁰b⁰³²
309 3670 392 3733 linus
408 3669 577 3778 Pompeius
599 3676 632 3732 et
647 3670 682 3733 L.
696 3669 796 3733 Vetus
819 3690 858 3732 ea
881 3675 1071 3751 tempestate
1094 3670 1247 3733 exercitui
1261 3688 1353 3753 prae--

146 3787 277 3839 aeturnum.
309 3779 406 3836 erant.
429 3779 592 3837 notamen
609 3791 739 3854 segnem
757 3773 887 3836 militem
904 3773 1084 3857 attinerent,
1100 3773 1153 3837 ille
1168 3772 1351 3837 inchoatum

308 3883 382 3940 anto
405 3883 468 3940 tres
484 3884 515 3939 et
531 3875 699 3957 sexaginta
722 3896 823 3940 annos
843 3877 981 3940 aDruso
1002 3897 1152 3959 aggerem
1175 3875 1353 3940 coercendo
