2984 4275
285 183 324 247 16
521 199 570 253 Ab
589 213 707 252 excessu
724 197 757 250 D.
770 196 898 265 Augusti
916 196 959 249 Xl
976 199 1088 251 29-34.

284 373 361 454 Silii,
389 379 503 438 cuncta
529 373 593 436 alia
618 371 863 436 dissimulantes.
902 370 975 435 dein
998 375 1094 452 metu,
1123 390 1164 433 ne
1186 369 1228 432 ad
1255 390 1324 453 per-

283 478 400 543 niciem
422 477 502 543 ultro
525 476 733 557 traherentur,
764 474 920 539 desistunt
942 474 1049 538 Pallas
1071 492 1129 557 per
1150 474 1323 555 ignaviam,

283 581 430 646 Callistus
452 581 565 664 prioris
579 591 703 661 qnoque
726 579 834 661 regiae
849 579 970 662 peritus
985 584 1017 641 et
1031 577 1208 660 potentiam
1223 578 1324 641 cautis

284 705 380 767 quam
403 685 528 750 acribus
551 683 689 748 consiliis
711 683 810 747 tutius
830 681 956 766 haberi3
988 680 1123 764 perstitit
1145 681 1323 763 Narcissus,

284 794 316 853 et
339 788 440 853 solnm
466 787 500 851 id
526 788 707 870 immutans,
738 804 868 867 nequo
896 804 1039 849 sermone
1066 784 1241 867 praesciam
1269 784 1325 848 cri·

284 892 378 957 minis
400 898 433 956 et
452 891 643 956 accusatoris
665 890 794 972 faceret,
817 890 887 973 ipse
906 888 948 952 ad
970 889 1152 953 occasiones
1174 888 1324 968 intentus,

285 996 380 1079 longa
402 995 488 1079 apud
503 993 624 1059 Ostiam
638 994 784 1059 Caesaris
800 1013 898 1074 mora,
923 993 1002 1057 duas
1020 992 1167 1075 paelices,
1191 1011 1324 1072 quarum

283 1101 313 1163 is
336 1100 457 1182 corpori
478 1098 617 1162 maxime
638 1098 830 1179 insueverat,
860 1096 1027 1179 largitione
1049 1114 1088 1159 ac
1109 1094 1271 1179 promissis
1293 1102 1325 1158 et

285 1223 383 1268 uxore
411 1202 534 1267 deiecta
559 1203 629 1286 plus
659 1202 821 1285 potentiae
850 1199 1038 1265 ostentando
1069 1199 1206 1283 perpulit
1239 1198 1324 1262 dela·

285 1306 402 1371 tionem
425 1304 539 1371 subire.

138 1426 182 1471 aas
197 1426 243 1480 rest
389 1408 441 1473 30.
479 1408 572 1472 Exim
601 1407 773 1492 Calpurnia
802 1406 849 1491 (id
878 1405 991 1490 paelici
1024 1404 1163 1487 nomen),
1196 1405 1251 1470 ubi
1274 1406 1327 1470 da-

126 1494 255 1609 ”ssu‘ssssff
285 1519 352 1577 tum
375 1518 540 1595 secretum,
570 1512 705 1594 genibus
728 1511 872 1576 Caesaris
894 1510 1059 1593 provoluta
1081 1510 1226 1592 nupsisse
1248 1509 1326 1573 Mes-

122 1633 262 1687 eerseoaea
286 1615 420 1681 salinam
447 1615 524 1681 Silio
552 1616 722 1699 exclamat3
754 1615 847 1679 simul
869 1614 1077 1697 Cleopatram,
1105 1631 1188 1694 quae
1214 1612 1248 1676 id
1275 1632 1327 1696 op·

113 1703 137 1747 ¹¹¹
150 1701 266 1748 ‘'m“
285 1719 411 1804 periens
437 1719 596 1800 adstabat,
628 1740 670 1783 an
700 1719 903 1801 comperisset
934 1718 1115 1799 interrogat,
1146 1722 1242 1797 atque
1271 1715 1328 1779 illa

200 1903 205 1909 ¹
286 1823 447 1888 adnnente
477 1823 551 1887 cieri
581 1823 766 1887 Narcissum
792 1822 938 1905 postulat.
976 1822 1004 1885 is
1026 1821 1154 1884 veniam
1183 1820 1217 1883 in
1240 1839 1328 1903 prae·

286 1927 412 1992 teritum
427 1934 548 2011 petens,
572 1926 655 2007 quod
671 1927 701 1990 ei
714 1926 823 2009 Titios,
844 1925 975 2008 Vettios,
999 1924 1139 1989 Plautios
1153 1923 1328 1988 dissimula·

286 2031 392 2113 visset,
416 2049 475 2094 nee
490 2050 575 2094 nunc
597 2029 754 2094 adulteria
775 2028 971 2094 obiecturum
986 2027 1041 2110 ait,
1065 2026 1183 2092 nedum
1199 2026 1328 2091 domum

287 2136 416 2202 servitia
439 2142 471 2199 et
494 2142 614 2199 ceteros
636 2133 783 2198 fortunae
805 2139 934 2216 paratus
956 2139 1142 2216 reposceret.
1171 2130 1328 2196 frueretur

286 2240 382 2304 immo
404 2239 464 2321 his,
488 2245 536 2303 set
551 2237 698 2302 redderet
712 2257 844 2302 uxorem
867 2243 1088 2319 rumperetque
1103 2236 1228 2300 tabulas
1250 2255 1329 2318 nup-

286 2345 388 2408 tiales
417 2335 470 2406 ‘an
492 2337 670 2406 dissidinm'
692 2341 795 2424 inquit
817 2334 917 2405 ‘tunm
940 2339 1046 2405 nosti?
1073 2360 1149 2402 nam
1171 2339 1327 2403 matrimo-

287 2447 375 2512 nium
398 2445 466 2510 Silii
488 2444 570 2510 vidit
591 2445 724 2528 populus
747 2451 780 2509 et
801 2451 930 2509 senatus
959 2449 990 2507 et
1012 2441 1114 2527 miles;
1144 2462 1182 2506 ac
1205 2443 1239 2506 ni
1262 2462 1329 2525 pro·

288 2570 362 2634 pere
384 2550 464 2632 agis,
488 2555 576 2613 tenet
597 2549 708 2612 urbem
731 2542 885 2612 maritus.³
971 2602 974 2606 ,

158 2670 232 2723 aaut
393 2652 445 2716 31.
483 2652 565 2715 Tum
603 2651 801 2734 potissimum
835 2670 992 2732 quemque
1022 2651 1194 2714 amicorum
1224 2654 1327 2732 vocat,

119 2739 156 2783 ³²⁰
170 2738 265 2852 ἕξω·
288 2756 487 2840 primumque
508 2755 556 2819 rei
578 2754 802 2819 frumentariae
825 2754 1020 2838 praefectum
1035 2752 1234 2835 Turranium,
1257 2757 1330 2835 P⁰St

135 2877 253 2930 uaesana
288 2860 418 2924 Lusium
442 2857 554 2923 Getam
581 2858 787 2942 praetorianis
813 2858 985 2941 inpositum
1007 2862 1218 2941 percontatur.
1259 2855 1329 2937 quis

177 2946 213 2990 ter

134 3007 250 3067 Mum,
289 2963 462 3028 fatentibus
485 2962 629 3026 certatim
653 2962 748 3026 ceteri
776 2962 1048 3043 circumstrepunt,
1077 2960 1137 3023 iret
1158 2959 1191 3023 in
1215 2964 1327 3040 castra,

288 3067 428 3130 firmaret
458 3066 632 3149 praetorias
661 3065 814 3147 cohortes,
845 3065 1007 3130 securitati
1035 3070 1109 3127 ante
1138 3082 1235 3143 quam
1262 3060 1330 3125 vin-

289 3170 393 3234 dictae
415 3169 599 3234 consuleret.
638 3168 714 3233 satis
737 3175 861 3232 constat
883 3189 920 3234 eo
942 3188 1059 3252 pavore
1081 3166 1217 3232 offusum
1240 3165 1330 3230 Clau·

289 3273 387 3356 diurn,
411 3280 446 3337 ut
467 3272 642 3337 identidem
664 3273 882 3356 interrogaret,
906 3291 948 3335 an
972 3272 1040 3354 ipse
1059 3269 1184 3353 imperii
1206 3275 1328 3353 potens,

288 3399 330 3442 an
353 3377 448 3443 Silius
469 3376 612 3460 privatus
636 3383 728 3441 esset.
764 3381 797 3439 at
818 3374 991 3439 Messalina
1014 3395 1076 3450 non
1099 3374 1179 3438 alias
1201 3372 1330 3437 solutior

288 3482 375 3565 luxu,
399 3481 508 3546 adulto
531 3487 684 3544 autumno
706 3478 908 3544 simulacrum
923 3478 1103 3542 vindemiae
1125 3497 1181 3561 per
1201 3475 1329 3541 domum

290 3584 481 3651 celebrabat.
506 3584 631 3667 urgueri
647 3583 745 3667 prela,
762 3581 859 3646 fluere
874 3583 975 3666 lacus;
993 3589 1024 3646 ct
1038 3580 1177 3645 feminae
1192 3579 1331 3663 pellibus

289 3691 452 3754 accinctae
474 3687 679 3753 adsultabant
700 3693 736 3750 ut
751 3685 965 3750 sacrificantes
980 3686 1030 3750 vel
1045 3684 1240 3748 insanientes
1253 3683 1331 3746 Bac·

290 3793 383 3877 chae3
407 3793 477 3876 ipsa
499 3790 585 3855 crine
607 3788 693 3854 fluxo
714 3788 860 3871 thyrsum
879 3790 1035 3870 quatiens,
1058 3789 1210 3867 iuxtaque
1233 3785 1332 3851 Silius

290 3895 409 3961 hedera
423 3897 557 3977 vinctus,
581 3913 691 3976 gerere
713 3892 892 3975 cothurnos,
914 3892 1018 3956 iacere
1040 3896 1145 3975 caput,
1170 3897 1332 3973 strepente
