2984 4275
474 205 498 244 a.
512 190 544 245 u.
557 206 579 244 ο.
593 194 680 256 sorra
700 207 726 258 p.
739 190 802 244 cnr.
816 193 886 259 sna.
1158 176 1201 240 43

161 364 262 448 primo
294 365 441 449 amplecti
471 364 619 429 adlevare
648 365 819 449 adhortari,
850 365 943 431 modo
970 366 1118 432 virtutem
1148 366 1201 431 ad·

161 469 290 553 mirans,
321 468 416 534 modo
445 469 556 534 timore
586 490 689 553 aeger,
721 490 762 534 ne
792 470 862 551 quis
892 470 1003 535 relicta
1033 476 1199 554 poteretur.

158 580 319 656 postremo
346 573 497 638 violentia
527 573 643 638 amoris
673 579 705 637 et
733 573 909 638 facinorum
938 594 1002 638 non
1031 573 1118 638 rudis
1149 573 1200 639 de·

157 677 286 759 stringit
308 678 460 743 acinacen
482 678 744 759 vulneratamque
768 678 868 761 ripam
890 676 933 742 ad
955 678 1070 743 Araxis
1092 677 1198 762 trahit,

156 780 282 845 flumini
304 780 408 865 tradit,
432 787 467 845 ut
488 801 601 865 corpus
623 781 720 846 etiam
742 781 931 846 auferretur:
958 782 1026 865 ipse
1049 801 1200 866 praeceps

155 884 295 950 Hiberos
317 885 359 950 ad
381 886 517 970 patrium
540 906 672 969 regnum
695 886 850 971 pervadit.
878 887 1003 952 interim
1027 888 1200 953 Zenobiam

156 989 203 1073 (id
227 989 354 1054 mulieri
376 990 505 1074 nomen)
528 990 654 1074 placida
676 991 720 1055 in·
733 990 837 1056 eluvie
860 992 1033 1075 spirantem
1055 1012 1093 1056 ac
1115 992 1199 1057 vitae

154 1093 362 1158 manifestam
384 1094 549 1159 advertere
571 1101 722 1179 pastores,
747 1103 779 1159 et
794 1094 948 1178 dignitate
970 1096 1090 1161 formae
1112 1095 1199 1160 haud

154 1195 352 1279 degenerem
377 1204 559 1283 reputantes
585 1199 729 1282 obligant
751 1200 874 1284 vulnus,
902 1199 1039 1282 agrestia
1065 1200 1199 1266 medioa-

153 1301 244 1366 mina
268 1301 422 1366 adhibent
444 1294 633 1385 cognitoque
655 1303 782 1368 nominc
806 1310 838 1368 et
861 1324 936 1369 casu
957 1304 990 1368 in
1013 1306 1123 1370 urbem
1143 1306 1198 1369 Ar-

153 1410 269 1469 taxata
297 1404 415 1491 ferunt3
447 1406 531 1471 unde
557 1407 683 1490 pubhoa
711 1426 787 1471 cura
809 1407 945 1473 deducta
970 1408 1013 1472 ad
1034 1408 1198 1473 'liridaten

153 1509 351 1592 comiterque
373 1515 508 1593 excepta
529 1510 615 1574 cultu
637 1510 724 1593 regio
747 1510 856 1575 habita
878 1518 936 1576 est.

261 1715 313 1780 52.
347 1716 463 1781 Fausto
490 1716 578 1782 Sulla
600 1715 706 1782 Salvio
729 1717 854 1783 Othone
881 1718 1062 1785 consuhbus
1084 1719 1196 1784 Furius
1220 1730 1365 1785 accontus

152 1819 381 1887 Scribonianus
402 1821 436 1886 in
452 1821 582 1886 exilium
605 1821 719 1906 agitur,
744 1823 835 1905 quasi
850 1821 946 1886 finem
969 1822 1118 1907 principis
1140 1843 1196 1907 per
1226 1801 1357 1916 2233?

151 1922 333 1989 Chaldaeos
355 1932 556 1990 scrutaretur.
580 1925 811 1991 adnectebatur
833 1926 957 1990 crimini
979 1927 1073 1991 Vibia
1095 1936 1195 1992 mater
1265 1943 1316 1985 rur.

151 2028 231 2112 eius,
256 2035 291 2093 ut
306 2048 396 2094 casus
416 2029 525 2113 prioris
548 2030 635 2114 (nam
652 2031 795 2113 relegata
810 2032 889 2114 erat)
913 2031 1080 2113 inpatiens.
1104 2038 1196 2116 pater
1225 2009 1356 2131 ”xm

151 2130 353 2198 Scriboniani
380 2133 529 2199 Camillus
556 2155 644 2200 arma
670 2155 728 2218 per
750 2134 941 2199 Delmatiam
968 2143 1122 2219 moverat3
1150 2134 1195 2201 id·
1213 2148 1260 2193 tem
1280 2149 1368 2195 cono.

152 2257 215 2320 que
239 2236 282 2301 ad
304 2238 504 2302 elementiam
526 2238 673 2302 trahebat
695 2237 820 2320 Caesar,
844 2237 928 2319 quod
951 2238 1079 2323 stirpem
1102 2237 1196 2304 hosti-

151 2341 216 2405 lem
240 2341 356 2405 iterum
378 2348 587 2406 conservaret.
627 2361 731 2425 neque
754 2348 861 2406 tamen
885 2342 970 2406 exuli
997 2342 1092 2424 longa
1113 2349 1196 2426 post·

150 2444 215 2508 hac
237 2443 305 2509 vita
327 2444 400 2509 fuit:
428 2451 528 2509 morte
551 2445 679 2510 fortuita
707 2466 749 2509 an
771 2465 828 2528 per
850 2463 1008 2509 venenum
1038 2444 1196 2510 extinctus

152 2553 246 2630 esset,
280 2553 313 2611 ut
341 2548 474 2631 quisque
500 2548 643 2631 credidit,
671 2549 855 2631 vulgavere.
894 2547 935 2613 de
966 2548 1195 2615 mathematicis

150 2650 247 2716 Italia
275 2652 432 2735 pellendis
461 2652 579 2717 factum
608 2659 738 2718 senatus
769 2653 944 2717 consultum
975 2660 1066 2718 atrox
1093 2659 1125 2717 et
1151 2654 1195 2717 in·

151 2756 257 2820 ritum.
282 2755 401 2820 lauded
424 2755 540 2821 dehinc
559 2756 700 2821 oratione
720 2755 880 2840 principis,
906 2755 960 2839 qui
975 2757 1014 2821 ob
1030 2756 1194 2839 angustias

151 2859 326 2924 familiares
348 2860 458 2925 ordine
480 2859 639 2925 senatorio
658 2866 770 2944 sponte
787 2858 942 2941 oederent,
967 2859 1116 2944 motique,
1142 2861 1194 2945 qui

151 2963 347 3029 remanendo
369 2963 589 3047 inpudentiam
612 2964 790 3048 paupertati
814 2964 985 3028 adicerent.

258 3066 309 3132 53.
343 3066 431 3131 Inter
453 3086 535 3148 quae
557 3066 653 3131 refert
675 3066 718 3130 ad
744 3072 853 3150 patres
876 3066 916 3132 de
939 3087 1042 3150 poena
1064 3067 1192 3133 femina·
1241 3079 1340 3134 ”catut

151 3190 232 3254 rum,
257 3190 338 3252 quae
361 3170 459 3236 servis
482 3171 760 3254 coniungerentur;
785 3171 1005 3256 statuiturque,
1029 3178 1063 3237 ut
1081 3173 1191 3255 ignaro
1209 3145 1366 3272 ξξξὲξζῇξ*

152 3273 281 3339 domino
314 3275 357 3339 ad
385 3275 419 3339 id
445 3276 611 3359 prolapsae
637 3275 670 3340 in
697 3275 860 3360 servitute,
895 3276 943 3340 sin
970 3277 1189 3361 consensisset,
1208 3288 1253 3410 ¹313
1261 3287 1363 3410 &pappi

1255 3366 1288 3401 ure
1319 3367 1329 3401 1
1341 3367 1350 3401 t

152 3398 210 3462 pro
231 3378 352 3444 libertis
374 3378 576 3445 haberentur.
616 3379 764 3463 Pallanti,
794 3399 888 3463 quem
910 3386 1101 3464 repertorem
1123 3381 1190 3445 eius
1208 3425 1364 3480 „mm

151 3484 312 3550 relationis
334 3484 476 3549 ediderat
498 3483 623 3569 Caesar,
655 3484 814 3568 praetoria
836 3483 974 3567 insignia
996 3490 1028 3549 et
1051 3483 1191 3548 centiens

152 3587 382 3671 quinquagiens
405 3588 582 3654 sestertium
605 3589 728 3654 censuit
750 3588 860 3652 consul
883 3586 1067 3669 designatus
1088 3587 1191 3651 Barea

153 3690 299 3758 Soranus.
338 3691 481 3757 additum
515 3712 535 3755 a
568 3690 715 3775 Scipione
750 3691 892 3756 Cornelio
925 3695 1032 3772 grates
1065 3689 1191 3773 publice

152 3795 301 3880 agendas,
331 3795 415 3879 quod
441 3795 570 3878 regibus
593 3794 750 3860 Arcadiae
774 3802 860 3858 ortus
882 3791 1082 3857 veterrimam
1104 3791 1191 3857 nobi·

152 3897 275 3963 litatem
305 3899 375 3964 usui
407 3898 534 3984 publico
564 3903 767 3983 postponeret
797 3916 894 3980 seque
923 3896 1005 3960 inter
1035 3896 1191 3962 ministros
