2984 4275
410 126 416 138 ’
515 163 695 221 suesco.
716 181 742 233 p.
757 163 874 220 cursu
1196 150 1214 212 7

175 344 346 422 poteretur.
377 356 481 419 neque
504 335 599 401 Silius
620 335 732 419 flagitii
755 345 810 401 aut
832 338 964 420 periculi
986 338 1110 404 nescius
1133 346 1213 422 erat;

176 441 234 506 sed
257 447 353 524 certo,
383 440 410 504 si
436 441 600 524 abnueret,
631 440 728 505 exitio
756 446 788 504 et
815 441 968 506 nonnulla
993 440 1126 506 fallendi
1148 461 1214 526 spe,

176 545 271 611 simul
301 544 424 627 magnis
453 545 610 628 praemiis,
642 544 779 629 opperiri
805 544 911 609 futura
937 553 969 610 et
996 547 1216 629 praesentibus

176 648 239 713 frui
260 668 318 732 pro
341 648 458 713 solacio
481 646 630 713 habebat.
661 648 716 712 illa
738 669 803 713 non
824 648 943 732 furtim,
966 649 1023 714 sed
1045 649 1145 713 multo
1168 669 1216 715 co-

176 753 290 817 mitatu
304 752 459 817 ventitare
482 752 620 833 domum,
644 753 825 835 egressibus
843 751 1082 836 adhaerescere,
1106 753 1216 836 largiri

175 875 262 940 opes,
297 856 440 936 honores,
473 861 641 940 postremo,
676 857 764 921 velut
796 857 952 922 translata
980 857 1045 921 iam
1078 855 1214 941 fortuna,

176 960 259 1024 servi
281 960 387 1024 liberti
407 967 538 1043 paratus
555 960 707 1043 principis
721 959 808 1044 apud
823 960 1004 1025 adulterum
1019 960 1214 1025 visebantur.

283 1064 332 1127 13.
361 1064 404 1127 At
430 1062 581 1127 Claudius
608 1064 801 1128 matrimonii
828 1065 878 1129 sui
900 1065 1030 1147 ignarus
1053 1072 1084 1128 et
1107 1063 1216 1128 munia
1252 1080 1370 1124 mastica

176 1167 320 1232 censoria
351 1186 516 1251 usurpans,
547 1167 736 1232 theatralem
765 1168 874 1252 populi
904 1168 1067 1232 lasciviam
1096 1168 1215 1233 severis
1240 1149 1382 1271 mm

177 1269 289 1336 edictis
306 1271 469 1355 increpuit,
493 1270 578 1353 quod
603 1271 636 1335 in
662 1272 698 1335 P.
721 1272 930 1355 Pomponium
954 1272 1151 1337 consularem
1175 1272 1196 1357 (⁸

176 1375 318 1439 earmina
344 1393 478 1440 scaenae
505 1374 615 1459 dabat)
639 1375 735 1458 inque
761 1374 898 1440 feminas
923 1376 1072 1440 inlustres
1098 1374 1216 1459 probra

175 1478 303 1544 iecerat.
327 1485 359 1543 et
380 1479 453 1561 lege
475 1479 540 1542 lata
563 1479 726 1544 saevitiam
750 1479 938 1544 creditorum
960 1480 1107 1561 coercuit,
1130 1478 1215 1543 nein

177 1589 309 1647 mortem
335 1589 504 1666 parentum
527 1583 677 1667 pecunias
706 1582 779 1648 filiis
805 1582 996 1647 familiarum
1018 1583 1141 1648 faenori
1163 1581 1216 1645 da·

176 1694 256 1751 rent.
294 1685 462 1769 sontesque
492 1706 644 1767 aquarum
673 1686 863 1752 Simbruinis
897 1686 1029 1751 collibus
1062 1684 1216 1751 deductos

176 1789 247 1854 urbi
268 1789 383 1854 intulit.
407 1810 445 1854 ac
460 1810 560 1855 novas
582 1791 757 1855 litterarum
781 1789 899 1855 formas
921 1790 1046 1855 addidit
1060 1789 1215 1873 vulgavit·

178 1899 248 1977 que,
279 1900 439 1978 comperto
469 1894 624 1959 Graecam
655 1914 780 1977 quoque
802 1894 1013 1959 litteraturam
1035 1914 1099 1959 non
1123 1893 1216 1958 simul

176 2004 321 2081 coeptam
343 1997 594 2080 absolutamque.

283 2101 333 2168 14.
371 2101 467 2166 Primi
493 2122 551 2187 per
572 2101 692 2185 figuras
718 2102 903 2166 animalium
930 2100 1082 2185 Aegyptii
1104 2119 1216 2166 sensus
1240 2116 1321 2171 cruces
1334 2114 1386 2161 uter

177 2206 294 2270 mentis
323 2205 519 2287 effingebant
545 2243 587 2254 -
610 2225 649 2270 ea
677 2206 899 2287 antiquissima
929 2206 1125 2269 monimenta
1153 2224 1217 2269 mc·
1296 2186 1330 2231 ⁶¹⁸

177 2308 297 2373 moriae
319 2309 478 2374 humanae
507 2310 651 2394 inpressa
678 2310 766 2374 saxis
788 2316 1024 2373 cernuntur-
1047 2315 1079 2372 et
1100 2309 1217 2373 littera·
1294 2325 1331 2369 aa

176 2432 247 2477 rum
275 2420 374 2477 semet
395 2413 577 2477 inventores
603 2412 785 2497 perhibent,
820 2410 895 2476 inde
925 2411 1110 2492 Phoenicas,
1142 2411 1216 2494 quia
1242 2393 1380 2447 ‘mmm‘

176 2517 258 2580 mari
272 2516 519 2601 praepollebant,
535 2516 678 2581 intulisse
690 2515 845 2581 Graeciae
860 2515 1057 2599 gloriamque
1072 2516 1214 2599 adeptos,

176 2627 340 2702 tamquam
361 2621 558 2704 reppererint
581 2640 662 2704 quae
684 2628 883 2704 acceperant.
919 2620 1036 2704 quippe
1058 2619 1146 2684 fama
1168 2626 1216 2684 est

176 2722 332 2788 Cadmum
354 2724 456 2789 classe
477 2724 670 2789 Phoenicum
693 2730 819 2788 vectum
843 2723 973 2789 rudibus
995 2722 1101 2788 adhuc
1122 2723 1216 2789 Grae-

177 2846 284 2892 oorum
305 2829 431 2912 populis
453 2828 530 2892 artis
553 2829 620 2893 eius
642 2836 803 2893 auctorem
825 2827 933 2893 fuisse.
957 2827 1086 2910 quidam
1107 2826 1217 2891 Cecro-

176 2951 251 3015 pem
273 2931 500 2996 Atheniensem
527 2932 578 2996 vel
605 2932 719 2997 Linum
745 2931 936 2996 Thebanum
964 2938 995 2996 et
1021 2931 1217 3015 temporibus

176 3035 322 3100 'Proianis
345 3035 549 3101 Palamedem
565 3036 718 3119 Argivum
742 3043 918 3100 memorant
941 3033 1078 3100 sedecim
1101 3035 1217 3099 littera·

176 3158 247 3202 rum
263 3138 390 3223 formas,
414 3159 488 3205 mox
510 3140 588 3204 alios
610 3160 649 3204 ac
667 3141 872 3224 praecipuum
888 3138 1073 3204 Simoniden
1094 3146 1217 3203 ceteras

177 3244 363 3326 repperisse.
402 3252 435 3307 at
457 3245 490 3307 iu
513 3243 607 3308 ltalia
633 3244 757 3308 Etrusci
784 3245 825 3308 ab
849 3243 1011 3308 Corinthio
1033 3244 1216 3325 Demarato,

177 3346 366 3429 Aborigines
389 3346 514 3412 Arcade
537 3347 578 3411 ab
602 3347 751 3411 Evandro
775 3346 965 3431 didicerunt;
991 3352 1023 3411 et
1046 3347 1148 3410 forma
1171 3345 1217 3408 lit·

177 3450 252 3514 teris
274 3451 396 3515 Latinis
419 3471 501 3534 quae
523 3451 700 3516 veterrimis
723 3450 923 3516 Graecorum.
951 3449 1008 3515 sed
1030 3450 1122 3515 nobis
1145 3468 1218 3532 quo·

178 3573 240 3636 quc
252 3574 373 3637 paucae
384 3555 521 3639 primum
529 3554 627 3634 fuere,
640 3554 756 3619 deinde
768 3554 896 3618 additae
905 3560 986 3618 sunt.
1001 3574 1062 3636 quo
1071 3552 1218 3636 exemplo

177 3655 328 3722 claudius
350 3664 415 3722 tres
437 3659 558 3723 litteras
581 3658 706 3740 adiecit,
730 3678 813 3741 quae
829 3658 862 3720 in
878 3676 938 3721 usu
952 3657 1154 3741 imperitante
1170 3674 1216 3738 eo,

177 3768 249 3843 post
276 3762 484 3843 oblitteratae,
513 3762 709 3846 aspiciuntur
732 3762 828 3825 etiam
856 3781 940 3825 nunc
965 3761 1000 3823 in
1022 3779 1096 3824 aere
1118 3757 1218 3843 publi-

177 3863 289 3928 candis
315 3866 401 3949 plebi
429 3872 559 3931 senatus
586 3866 735 3931 consultis
762 3886 820 3949 per
842 3865 910 3929 fora
936 3883 974 3928 ac
1002 3863 1121 3947 templa
1143 3861 1217 3925 lixo.

1252 2255 1372 2308 tttctcur
1481 2230 1482 2233 Ἴ
