2984 4275
505 227 529 264 a.
544 211 685 267 ucsoa.
710 229 737 280 p.
751 211 868 267 cnam
1163 195 1206 272 25

163 384 402 468 industriosque
424 392 480 450 aut
501 385 635 468 ignavos
657 406 722 469 pax
744 387 777 451 in
800 406 902 469 aequo
924 393 1020 451 tenet.
1044 407 1082 452 ac
1097 394 1205 452 tamen
1240 404 1291 449 aaa
1304 405 1364 456 sata

164 496 321 572 quantum
347 490 416 553 sine
443 489 526 553 bello
556 490 700 573 dabatur,
730 509 879 554 revocare
910 490 1046 573 priscum
1076 510 1204 574 morem,
1231 473 1373 588 ,2233ss

165 594 342 657 exercitare
371 593 522 677 legiones,
554 613 630 658 eura
659 594 788 677 provisu
816 593 949 678 perinde
978 614 1083 678 agere,
1114 595 1206 659 acsi

164 695 264 761 hostis
293 697 467 779 ingrueret:
502 698 547 762 ita
577 697 709 779 dignum
738 698 910 763 maioribus
933 698 998 763 suis
1024 705 1056 763 et
1086 698 1207 763 familia
1285 679 1288 690 ⁴

164 800 276 865 Cassia
298 808 385 866 ratus
406 822 464 886 per
478 802 549 866 illas
571 821 696 885 quoque
718 809 830 885 gentes
852 803 1022 867 celebrata.
1045 802 1141 885 igitur
1156 822 1206 866 ex-

164 905 237 969 citis
261 925 393 989 quorum
415 905 455 971 de
478 907 635 971 sententia
661 908 780 991 petitus
801 927 868 990 rex,
897 907 1070 990 positisque
1097 907 1208 972 castris

164 1009 251 1093 apud
278 1010 429 1093 Zeugma,
460 1011 546 1075 unde
573 1010 711 1075 maxime
739 1010 869 1095 pervius
898 1011 1010 1096 amnis,
1040 1018 1207 1094 postquam

164 1114 314 1178 inlustres
329 1114 439 1178 Parthi
452 1134 572 1197 rexque
583 1115 725 1180 Arabum
737 1115 881 1180 Acbarus
895 1115 1077 1200 advenerat,
1101 1122 1209 1180 monet

165 1217 373 1283 Meherdaten
403 1219 609 1284 barbarorum
636 1219 772 1303 impetus
799 1239 887 1285 acres
918 1220 1115 1285 cunctatione
1142 1221 1207 1284 lan-

165 1341 316 1404 guescere
343 1322 458 1386 autin
484 1322 650 1406 perfidiam
677 1323 806 1387 mutari:
837 1323 882 1387 ita
910 1331 1059 1405 urgueret
1085 1331 1206 1407 coepta.

167 1426 264 1509 quod‘
278 1433 417 1510 spretum
444 1426 556 1491 fraude
582 1427 709 1511 Acbari,
741 1428 795 1510 qui
824 1428 973 1493 iuvenem
1002 1428 1148 1510 ignarum
1175 1436 1207 1492 et

165 1549 322 1594 summam
344 1531 504 1594 fortunam
525 1531 560 1594 in
575 1530 654 1596 luxu
676 1538 780 1595 ratum
795 1532 911 1596 multos
923 1552 980 1616 per
995 1531 1064 1597 dies
1079 1532 1208 1596 attinuit

166 1634 252 1717 apud
275 1634 426 1718 oppidum
448 1633 609 1699 Edessam.
634 1642 666 1699 et
681 1642 816 1700 vocante
837 1635 960 1700 Carene
982 1642 1208 1719 promptasque

165 1757 215 1803 res
230 1744 419 1818 ostentante,
443 1737 468 1802 si
484 1738 538 1802 citi
553 1738 765 1822 advenissent,
788 1759 853 1804 non
872 1739 1046 1804 comminus
1067 1739 1207 1821 Mesopo·

167 1843 309 1923 tamiam,
333 1842 390 1907 sed
411 1842 497 1907 flexu
519 1842 703 1907 Armeniam
726 1850 849 1927 petunt,
876 1843 911 1906 id
933 1843 1083 1927 temporis
1105 1843 1207 1927 inpor-

166 1952 287 2027 tunam,
312 1947 385 2029 quia
406 1947 507 2011 hiems
530 1945 715 2030 accipiebat.

272 2050 322 2115 13,
360 2051 455 2114 Exim
489 2050 615 2115 nivibus
650 2057 681 2116 et
721 2052 881 2116 montibus
910 2050 1000 2134 fessi,
1036 2057 1206 2135 postquam
1237 2065 1367 2118 ausuum

166 2173 295 2238 campos
323 2155 587 2239 propinquabant,
616 2156 715 2239 copiis
736 2156 865 2220 Carenis
893 2155 1116 2238 adiunguntur,
1144 2161 1205 2218 tra·
1234 2134 1380 2259 ωὲξξξξέῗ*

166 2258 323 2342 missoque
350 2280 445 2323 amne
471 2259 560 2342 Tigri
586 2266 752 2344 permeant
773 2259 965 2342 Adiabenos,
995 2277 1126 2342 quorum
1148 2278 1206 2322 rex
1222 2271 1382 2327 tactusquo

165 2363 268 2429 Izates
283 2362 466 2428 societatem
481 2362 676 2429 Meherdatis
697 2364 805 2448 palam
819 2363 976 2444 induerat,
999 2363 1033 2426 in
1048 2361 1206 2427 Gotarzen
1233 2343 1373 2397 (³²⁰‘⁸¹”“'¹'
1400 2389 1408 2401 ·

166 2487 223 2550 per
243 2467 367 2532 occulta
390 2474 422 2531 et
437 2467 539 2550 magis
553 2466 618 2532 fida
632 2468 816 2532 inclinabat.
841 2467 898 2532 sed
913 2473 1007 2551 capta
1022 2466 1055 2530 in
1070 2465 1205 2530 transitu

165 2572 240 2637 urbs
261 2571 371 2656 Ninos,
395 2572 609 2637 vetustissima
630 2573 722 2637 sedes
733 2572 895 2656 Assyriae,
919 2578 951 2636 et
974 2571 1138 2636 castellum
1160 2571 1206 2635 in·
1318 2585 1320 2587 ’

164 2676 255 2759 signe
288 2676 388 2759 lama,
424 2676 508 2760 quod
540 2683 698 2761 postremo
731 2677 814 2741 inter
846 2676 978 2741 Darium
1011 2683 1107 2758 atque
1136 2676 1207 2739 Ale-

164 2781 321 2844 xandrum
343 2781 462 2864 proelio
484 2781 651 2846 Persarum
673 2781 737 2846 illic
757 2801 833 2864 opes
849 2780 1061 2845 conciderant.
1085 2779 1206 2844 interea

164 2883 315 2950 Gotarzes
341 2885 427 2968 apud
454 2892 605 2969 montem,
636 2886 686 2950 cui
713 2905 830 2950 nomen
860 2884 1026 2967 Sanbulos,
1056 2890 1131 2948 vota
1157 2882 1206 2947 dis

163 2988 224 3052 loci
239 2989 440 3072 suscipiebat,
465 2990 636 3073 praecipua
650 2989 803 3071 religione
817 2989 971 3069 Herculia,
997 2988 1050 3071 qui
1065 2994 1206 3070 tempore

164 3099 246 3157 stato
272 3113 328 3177 per
356 3093 493 3176 quietem
521 3100 628 3158 mouet
654 3093 844 3177 sacerdotes,
875 3099 910 3157 ut
936 3092 1090 3176 templum
1115 3092 1206 3155 iuxta

164 3215 263 3279 equos
285 3197 415 3261 venatui
436 3197 606 3263 adornatos
629 3198 752 3262 sistant.
777 3198 849 3280 equi
873 3196 929 3260 ubi
950 3197 1115 3281 pharetras
1135 3196 1206 3260 telis

165 3307 295 3365 onustas
324 3320 486 3385 accepere,
516 3321 573 3385 per
600 3303 697 3366 saltus
724 3301 799 3384 vagi
825 3308 919 3365 nocte
946 3301 1076 3365 demum
1097 3299 1206 3365 vacuis

165 3404 320 3487 pharetris
342 3406 442 3469 multo
465 3425 536 3469 cum
555 3405 696 3470 anhelitu
719 3405 863 3469 redeunt.
886 3424 1010 3471 rursum
1032 3404 1119 3486 deus,
1144 3422 1207 3485 qua

165 3508 262 3572 silvas
276 3510 494 3592 pererraverit,
514 3517 667 3574 nocturno
683 3509 754 3573 visu
769 3509 974 3590 demonstrat,
998 3507 1205 3591 reperiuntur-

165 3631 227 3695 que
249 3613 339 3677 fusae
361 3614 478 3696 passim
502 3613 598 3678 ferae.
1222 3674 1380 3728 mmmm

271 3717 321 3781 14.
356 3716 502 3782 Ceterum
533 3717 693 3798 Gotarzes,
724 3716 865 3782 nondum
888 3715 964 3780 satis
994 3722 1086 3780 aucto
1118 3733 1204 3779 exer·
1259 3745 1345 3796 cenna

165 3821 239 3902 citu,
267 3820 396 3885 flumine
423 3821 537 3885 Corma
562 3842 619 3905 pro
645 3820 840 3885 munimento
867 3820 923 3902 uti,
955 3825 986 3883 et
1013 3837 1205 3901 quamquam
1234 3813 1371 3935 'iliam‘

165 3945 222 4009 per¹
234 3925 458 4003 insectationes
474 3933 505 3989 et
519 3925 647 3990 nuntios
662 3925 703 3989 ad
718 3925 872 4009 proelium
887 3930 1061 4005 vocaretur,
1078 3929 1205 3987 nectere
1245 3952 1358 4004 mmm,
