2984 4275
520 125 569 180 Ab
588 140 704 180 excessu
722 125 756 179 D.
771 99 898 195 Augusti
915 125 958 179 XI
977 92 1087 182 15-18J

166 314 213 360 aar
388 298 438 363 15.
481 299 614 363 Rettulit
649 298 765 363 deinde
803 297 845 362 ad
879 305 1025 363 senatum
1059 318 1154 383 super
1191 298 1323 381 collegio

128 383 251 497 ⁸⁰¹¹JJJ¹³¹¹
282 402 495 487 haruspicum,
527 423 568 467 ne
591 403 807 468 vetustissima
832 402 945 467 Italiae
972 402 1138 487 disciplina
1163 423 1222 487 per
1243 403 1323 468 desi·

120 521 256 576 perurerer.
283 506 369 570 diam
386 506 594 571 exolesceret:
619 526 717 591 saepe
732 505 875 571 adversis
897 507 942 570 rei
965 505 1113 590 publicae
1128 508 1323 591 temporibus

283 610 409 692 accitur,
442 630 573 692 quorum
600 611 721 674 monitu
747 609 979 691 redintegratas
1006 611 1214 675 caerimonias
1236 618 1268 675 et
1290 610 1322 674 in

282 719 445 797 posterum
473 714 589 778 rectius
615 713 757 797 habitas,
788 713 1006 797 primoresque
1035 713 1181 778 Etruriae
1211 722 1323 798 sponte

282 823 339 881 aut
360 822 486 900 patrum
513 817 728 882 Romanorum
754 817 883 900 inpulsu
909 817 1075 882 retinuisse
1104 818 1269 882 seientiam
1292 824 1324 882 et

283 921 316 985 in
339 920 476 986 familias
498 940 706 1006 propagasse3
739 919 824 1003 quod
847 940 932 985 nunc
954 921 1083 1003 segnius
1106 920 1174 985 fieri
1196 921 1324 1005 publica

283 1025 366 1089 circa
380 1024 482 1089 bonas
497 1032 582 1089 artes
604 1025 757 1108 socordia,
780 1031 812 1089 et
829 1025 903 1107 quia
918 1031 1070 1089 externae
1085 1023 1323 1108 superstitiones

283 1128 455 1194 valescunt.
480 1135 511 1193 et
534 1128 618 1193 laeta
641 1128 770 1211 quidem
792 1129 824 1192 in
844 1147 996 1211 praesens
1018 1127 1134 1210 omnia,
1157 1128 1214 1193 sed
1236 1129 1323 1193 beni·

283 1231 398 1314 gnitati
421 1232 516 1297 deum
532 1233 669 1314 gratiam
683 1232 892 1315 referendam,
915 1232 1049 1297 neritus
1065 1252 1224 1297 sacrorum
1239 1233 1323 1297 inter

282 1335 434 1417 ambigua
456 1335 532 1399 culti
553 1355 611 1419 per
625 1355 777 1419 prospera
799 1336 1062 1401 oblitterarentur.
1088 1336 1206 1400 laetum
1229 1356 1269 1399 ex
1285 1354 1323 1399 eo

283 1446 413 1503 senatus
446 1440 633 1521 consultum,
668 1438 814 1503 viderent
846 1438 1010 1523 pontifices
1041 1459 1123 1522 quae
1156 1439 1323 1503 retinenda

283 1540 502 1624 firmandaque
524 1542 737 1626 haruspicum.

138 1662 239 1714 aturrus
404 1647 453 1711 16.
478 1646 600 1711 Eodem
627 1667 712 1710 anno
731 1646 958 1711 Cheruscorum
986 1666 1066 1730 gens
1088 1667 1196 1730 regem
1220 1647 1323 1711 Roma

121 1731 252 1851 322,ssss
283 1749 405 1833 petivit,
428 1751 551 1815 amissis
573 1769 630 1833 per
643 1750 768 1814 interna
790 1750 875 1815 bella
897 1750 1056 1815 nobilibus
1076 1758 1108 1815 et
1121 1771 1185 1815 uno
1201 1751 1323 1833 reliquo

114 1877 163 1921 aum
177 1868 260 1923 assic
284 1854 390 1938 stirpis
413 1855 530 1937 regiae,
562 1855 617 1936 qui
643 1852 729 1938 apud
757 1854 867 1918 urbem
890 1852 1077 1936 habebatur,
1108 1854 1236 1919 nomine
1258 1854 1322 1917 lta-

139 1938 237 1990 ⁰‘⁰‘⁶‘¹¹·
281 1957 369 2023 licus.
392 1965 560 2041 paternum
583 1957 656 2021 huie
674 1977 776 2038 genus
793 1978 811 2021 e
826 1958 926 2021 Flavo
942 1956 1039 2022 fratre
1053 1957 1198 2040 Arminii,
1221 1964 1323 2022 mater

281 2080 321 2125 ex
337 2060 507 2126 Actumero
529 2061 671 2146 principe
686 2060 870 2126 Chattorum
886 2066 966 2146 erat3
989 2061 1059 2146 ipse
1074 2060 1176 2125 forma
1191 2060 1322 2125 decorus

282 2172 314 2229 et
336 2167 433 2230 armis
460 2166 613 2248 equisque
640 2166 672 2229 in
700 2166 837 2249 patrium
865 2172 1070 2247 nostrumque
1092 2185 1212 2230 morem
1236 2185 1323 2229 exer-

283 2270 372 2333 eitus.
396 2269 492 2352 igitur
506 2269 624 2334 Caesar
646 2277 774 2333 auctum
796 2269 941 2353 pecunia,
964 2268 1083 2333 additis
1106 2268 1319 2352 stipatoribus,

281 2371 425 2437 hortatur
454 2373 572 2456 gentile
603 2371 700 2437 decus
728 2392 845 2454 magno
879 2373 985 2437 animo
1020 2391 1198 2456 capessere:
1233 2372 1321 2436 illum

280 2477 417 2560 primum
445 2477 567 2541 Romae
594 2482 696 2540 ortum
723 2496 784 2540 neo
811 2475 966 2559 obsidem,
998 2474 1054 2539 sed
1078 2476 1180 2539 civem
1202 2475 1248 2538 ire
1271 2495 1321 2539 ex-

280 2585 404 2643 ternum
428 2579 469 2643 ad
491 2579 667 2663 imperium.
691 2597 729 2643 ac
744 2579 846 2663 primo
861 2580 965 2643 laetus
980 2577 1149 2642 Germanis
1164 2577 1321 2642 adventus

280 2689 376 2765 atque
404 2703 451 2766 eo,
484 2681 568 2766 quod
595 2681 689 2747 nullis
716 2681 880 2747 discordiis
906 2681 1036 2746 inbutus
1062 2682 1132 2765 pari
1154 2682 1187 2744 in
1210 2701 1321 2746 omnes

280 2786 385 2851 studio
412 2794 531 2869 ageret,
562 2787 725 2870 celebrari,
758 2787 827 2869 ooli,
859 2785 952 2850 modo
979 2786 1161 2850 comitatem
1192 2792 1224 2849 et
1246 2791 1321 2850 tem·

279 2890 467 2975 perantiam,
490 2890 570 2954 nulli
592 2890 706 2973 invisa,
730 2889 857 2973 saepius
872 2889 1080 2953 vinolentiam
1102 2908 1141 2952 ac
1162 2888 1319 2970 libidines,

279 3001 371 3076 grata
398 2995 550 3079 barbaris,
581 3014 749 3079 usurpans.
787 2994 915 3075 iamque
942 2992 1027 3077 apud
1054 2992 1225 3077 proximos,
1256 2993 1318 3056 iam

279 3098 404 3181 longius
427 3099 609 3181 clarescere,
634 3118 704 3162 oum
727 3097 901 3181 potentiam
925 3097 993 3161 eius
1016 3101 1242 3180 suspectantes,
1267 3096 1321 3178 qui

279 3201 470 3267 factionibus
491 3201 671 3284 floruerant,
699 3200 868 3265 discedunt
890 3199 932 3263 ad
955 3200 1166 3264 conterminos
1188 3199 1321 3283 populos

279 3325 318 3370 ae
340 3304 554 3391 testificantur¹
576 3305 675 3369 adimi
697 3310 837 3368 veterem
865 3302 1055 3368 Germaniae
1082 3303 1262 3367 libertatem
1289 3309 1321 3366 et

279 3410 441 3488 Romanas
463 3429 540 3493 opes
562 3410 734 3491 insurgere.
763 3407 844 3472 adeo
867 3407 1028 3471 neminem
1050 3406 1151 3471 isdem
1174 3407 1207 3469 in
1230 3406 1321 3470 terris

280 3519 392 3597 ortum,
425 3514 479 3595 qui
508 3513 683 3596 principem
714 3512 818 3576 locum
849 3511 988 3594 impleat,
1023 3510 1086 3574 nisi
1116 3509 1321 3593 exploratoris

279 3616 372 3680 Flavi
398 3617 566 3699 progenies
595 3634 689 3699 super
711 3620 840 3678 cunctos
862 3613 1045 3678 attollatur?
1082 3612 1321 3678 1111111Αωί-

279 3720 367 3783 nium
389 3719 577 3803 praescribi:
601 3719 690 3783 cuius
714 3718 741 3782 si
763 3717 848 3782 filius
870 3717 978 3782 hostili
1001 3717 1033 3780 in
1057 3717 1123 3781 solo
1146 3716 1272 3780 adultus
1287 3716 1320 3779 in

279 3843 412 3904 regnum
427 3824 576 3905 venisset,
600 3841 693 3906 posse
709 3821 883 3904 extimesci,
907 3821 1060 3885 infectum
1076 3820 1234 3904 alimonio,
1259 3839 1321 3884 ser-
