2984 4275
297 162 358 226 146
524 176 574 230 Ab
593 191 710 230 excessu
727 175 761 229 D.
774 174 903 244 Augusti
920 175 976 230 XV
994 178 1105 230 63-67.

295 353 391 418 uestis
406 352 562 416 toleraret.
585 351 640 414 illa
654 356 764 415 contra
779 349 840 414 sibi
855 369 981 431 quoque
996 348 1186 414 destinatam
1201 355 1336 414 mortem

295 457 462 522 adseverat
489 474 683 535 manumque
710 453 902 537 percussoris
931 452 1082 535 exposcit.
1121 459 1191 517 tum
1213 452 1338 517 Seneca

295 562 415 644 gloriae
437 561 505 625 eius
532 581 595 623 non
624 559 786 642 adversus,
818 558 912 622 simul
940 578 1058 641 amore,
1089 577 1130 621 ne
1156 558 1217 622 sibi
1244 558 1337 622 unice

296 667 444 732 dilectam
474 665 517 729 ad
546 664 677 729 iniurias
706 664 907 745 relinqueret,
939 655 1047 727 ‘vitae'
1077 663 1180 744 inquit
1209 655 1339 727 ‘deleni-

296 776 404 835 menta
430 776 681 833 monstraveram
711 767 778 851 tibi,
810 774 844 831 tu
867 767 976 830 mortis
1004 768 1102 831 decus
1124 767 1242 830 mavis:
1273 787 1340 830 non

296 873 446 939 invidebo
469 872 625 955 exemplo.
655 871 695 936 sit
718 871 811 935 huius
834 877 900 934 tam
922 869 1012 935 sortis
1035 870 1138 935 exitus
1160 871 1340 935 constantia

296 998 394 1063 penes
420 982 569 1058 utrosque
598 995 664 1059 par,
696 975 894 1040 claritudinis
921 975 992 1058 plus
1014 974 1048 1040 in
1069 981 1124 1039 tuo
1146 970 1229 1039 fine’.
1268 981 1340 1058 post

296 1103 379 1165 quae
402 1080 514 1146 eodem
535 1081 600 1144 ictu
624 1078 755 1143 brachia
778 1078 860 1144 ferro
884 1080 1063 1145 exsolvunt.
1109 1078 1241 1161 Seneca,
1265 1100 1340 1161 quo-

296 1187 382 1251 niam
405 1184 504 1248 senile
527 1202 640 1265 corpus
655 1190 687 1248 et
702 1202 799 1266 parco
814 1183 899 1247 victu
922 1190 1088 1248 tenuatum
1110 1183 1197 1248 lenta
1220 1184 1341 1264 effugia

296 1289 444 1372 sanguini
473 1288 656 1372 praebebat,
689 1308 815 1352 crurum
844 1308 969 1369 quoque
999 1295 1031 1352 et
1060 1288 1212 1371 poplitum
1239 1308 1340 1352 venas

296 1394 472 1477 abrumpit3
501 1393 668 1474 saevisque
690 1392 883 1457 cruciatibus
906 1392 1059 1472 defessus,
1088 1412 1129 1456 ne
1152 1392 1258 1457 dolore
1282 1412 1340 1457 suo

296 1500 438 1563 animum
465 1497 573 1561 uxoris
600 1495 787 1578 infringeret
815 1504 912 1579 atque
939 1497 1008 1580 ipse
1030 1497 1161 1561 visendo
1189 1497 1257 1561 eius
1279 1502 1341 1561 tor-

297 1608 404 1666 menta
427 1595 468 1664 ad
491 1600 715 1683 inpatientiam
743 1600 954 1684 delaberetur,
985 1600 1098 1665 suadet
1123 1601 1157 1664 in
1179 1600 1266 1665 aliud
1289 1621 1341 1664 cu-

298 1706 438 1769 biculum
460 1703 640 1769 abscedere.
679 1710 711 1768 et
733 1704 906 1768 novissimo
930 1724 1055 1786 quoque
1086 1710 1246 1769 momento
1269 1724 1342 1788 sup·

298 1810 462 1894 peditante
484 1808 673 1889 eloquentia,
698 1807 863 1872 advocatis
881 1808 1085 1891 scriptoribus
1108 1808 1258 1890 pleraque
1281 1816 1342 1872 tra·

299 1913 387 1994 didit,
417 1932 499 1995 quae
521 1912 555 1975 in
577 1912 692 1993 vulgus
719 1912 807 1975 edita
834 1912 901 1976 eius
923 1912 1029 1977 verbis
1056 1913 1213 1976 invertere
1236 1932 1342 1995 super-

299 2017 404 2083 sedeo.

138 2136 201 2190 artu
214 2134 268 2180 ortt
404 2121 455 2186 64.
490 2122 532 2186 At
559 2121 644 2187 Nero
672 2121 758 2186 nullo
785 2120 819 2185 in
845 2120 1012 2185 Paulinam
1042 2121 1166 2205 proprio
1189 2120 1270 2202 odio,
1303 2141 1341 2185 ac

126 2206 283 2327 ,gssssffss‘gm
300 2249 341 2293 ns
364 2228 510 2310 gustaret
536 2226 658 2291 uuus
685 2226 890 2309 eruderans,
921 2226 1010 2290 iuuet
1034 2226 1172 2290 inhiberi
1195 2239 1339 2290 moram.

133 2347 182 2397 aab
196 2347 277 2398 {mser
299 2333 498 2398 hortantibus
531 2330 683 2394 militibus
717 2330 800 2394 servi
829 2329 997 2411 libertique
1027 2329 1170 2411 obligant
1200 2329 1340 2413 brachia,

159 2415 257 2461 caua.
300 2443 447 2521 premunt
470 2435 669 2517 sanguinem,
700 2434 857 2497 incertum
879 2454 921 2497 an
943 2434 1082 2515 ignarae.
1120 2454 1205 2518 nam,
1236 2442 1271 2499 ut
1295 2441 1343 2498 est

300 2543 414 2622 vulgus
441 2539 483 2603 ad
506 2537 662 2602 deteriora
689 2544 880 2621 promptum,
909 2557 972 2601 non
996 2537 1135 2619 defuere,
1160 2538 1215 2619 qui
1238 2538 1342 2603 crede-

299 2651 380 2727 rent,
409 2643 511 2707 donec
537 2641 764 2724 inplacabilem
787 2641 948 2705 Neronem
975 2641 1123 2722 timuerit,
1154 2641 1274 2706 famam
1297 2662 1342 2706 so-

299 2748 402 2812 ciatae
423 2766 496 2811 cum
520 2746 634 2810 marito
650 2745 758 2809 mortis
774 2744 935 2827 petivisse,
960 2744 1076 2809 deinde
1091 2745 1200 2809 oblata
1218 2746 1341 2810 mitiore

300 2871 357 2935 spe
372 2850 597 2914 blandimentis
613 2849 699 2913 vitae
716 2848 864 2933 evictam;
890 2849 941 2913 cui
956 2848 1079 2913 addidit
1094 2868 1212 2932 paucos
1231 2857 1342 2933 postea

300 2974 411 3036 annos,
434 2954 587 3019 laudabili
608 2953 642 3017 in
665 2953 814 3017 maritum
836 2953 989 3018 memoria
1011 2959 1043 3017 et
1065 2973 1119 3018 ore
1138 2974 1177 3017 ac
1193 2955 1343 3020 membris

300 3060 334 3123 in
361 3078 434 3122 eum
464 3058 617 3141 pallorem
647 3057 838 3138 albentibus,
869 3064 904 3122 ut
931 3057 1069 3121 ostentui
1096 3065 1178 3122 esset
1206 3059 1342 3123 multum

301 3164 405 3228 vitalis
428 3162 555 3245 spiritus
577 3169 732 3243 egestum.
779 3160 900 3225 Seneca
922 3162 1058 3245 iuterim,
1083 3163 1218 3227 durante
1241 3170 1344 3227 tractu

302 3274 333 3333 et
348 3267 536 3331 lentitudine
553 3266 669 3347 mortis,
686 3265 823 3330 Statium
835 3266 1013 3347 Annaeum,
1036 3266 1090 3330 diu
1106 3267 1166 3332 sibi
1186 3268 1343 3332 amicitiae

300 3372 363 3436 fide
386 3378 418 3435 et
440 3376 508 3435 arte
531 3370 708 3435 medicinae
730 3371 908 3454 probatum,
932 3377 1009 3454 orat,
1038 3372 1197 3454 provisum
1220 3372 1343 3455 pridem

302 3495 471 3556 venenum,
495 3495 556 3556 quo
580 3474 724 3538 damnati
746 3474 873 3557 publico
888 3474 1130 3538 Atheniensium
1152 3475 1269 3540 iudicio
1293 3496 1343 3539 ex-

301 3579 530 3660 tinguerentur,
562 3583 732 3661 promeret,
769 3578 973 3657 adlatumque
1004 3578 1109 3642 hausit
1137 3578 1262 3659 frustra,
1294 3578 1343 3642 fri-

303 3683 396 3765 gidus
419 3682 482 3745 ianr
505 3688 592 3745 artus
615 3688 646 3745 et
670 3682 756 3746 cluso
780 3701 907 3764 corpore
937 3681 1106 3746 adversum
1128 3682 1193 3746 vim
1216 3683 1341 3747 veneni.

303 3792 461 3869 postremo
484 3792 633 3865 stagnum
648 3784 772 3849 calidae
795 3805 897 3865 aquae
919 3787 1048 3867 introiit,
1073 3807 1260 3869 respergens
1276 3807 1341 3869 pro·

304 3889 406 3952 ximos
433 3908 595 3952 servorum
625 3888 735 3952 addita
763 3908 850 3970 voce,
882 3890 982 3954 libare
1012 3910 1045 3954 se
1072 3890 1227 3972 liquorem
1254 3891 1342 3955 illurn
