2984 4275
297 138 360 202 152
538 155 588 209 Ab
607 169 723 208 excessu
740 153 774 207 D.
787 153 914 223 Augusti
932 153 1002 208 XVI
1023 158 1097 209 1-5.

674 519 844 601 LIBER
870 518 960 601 XVI.

125 745 279 797 suparatur
404 747 431 809 1.
470 745 584 810 Inlusit
614 744 729 809 dehinc
763 743 883 808 Neroni
915 744 1043 808 fortuna
1076 764 1132 826 per
1160 745 1341 809 vanitatem

130 815 274 939 „ffissssm
298 849 395 933 ipsius
425 856 457 912 et
487 849 640 932 promissa
669 848 804 913 Caeselli
832 848 934 931 Bassi,
969 848 1024 928 qui
1052 848 1173 930 origine
1203 849 1339 932 Poenus,

144 956 179 999 δεῖ
193 954 259 1000 2¹³⁰·
298 960 405 1017 mente
420 952 559 1035 turbida,
584 959 758 1017 nocturnae
774 952 887 1033 quietis
902 952 1075 1034 imaginem
1089 951 1133 1015 ad
1147 972 1236 1034 spem
1252 951 1339 1017 haud

297 1057 413 1122 dubiae
445 1058 491 1121 rei
516 1057 627 1139 traxit,
657 1062 829 1138 vectusque
859 1057 1007 1139 Romam,
1038 1056 1188 1140 prinoipis
1216 1057 1341 1121 aditum

297 1169 482 1243 emereatus,
507 1162 663 1245 expromit
678 1168 837 1246 repertum
860 1161 893 1225 in
908 1181 985 1243 agro
1008 1181 1064 1225 suo
1084 1181 1215 1244 specum
1237 1161 1341 1225 altitu-

297 1266 370 1329 dine
387 1266 540 1349 inmensa,
565 1287 626 1347 quo
638 1287 757 1349 magna
769 1266 817 1330 vis
829 1267 897 1330 auri
909 1267 1131 1350 contineretur,
1155 1267 1264 1331 nonin
1280 1266 1339 1331 for-

298 1391 382 1433 mam
394 1371 556 1453 pecuniae,
574 1371 630 1436 sed
643 1371 713 1434 rudi
729 1376 761 1435 et
776 1371 907 1451 antiquo
922 1369 1072 1453 pondere.
1093 1371 1210 1435 lateres
1221 1371 1340 1455 quippe

297 1494 489 1557 praegraves
509 1476 622 1558 iacere,
647 1473 849 1540 adstantibus
868 1481 958 1557 parte
978 1474 1041 1538 alia
1061 1475 1228 1560 columnis3
1256 1495 1340 1556 quae

298 1585 501 1660 portantum
528 1580 600 1643 aevi
624 1580 780 1643 occultata
806 1577 962 1660 augendis
987 1578 1209 1661 praesentibus
1237 1580 1337 1644 bonis.

297 1687 445 1764 ceterum,
462 1690 497 1746 ut
514 1683 695 1747 coniectura
711 1683 918 1765 demonstrat,
935 1681 1018 1746 Dido
1032 1682 1241 1749 Phoenissam
1253 1685 1339 1766 Tyro

296 1785 464 1868 profugam
480 1786 608 1851 condita
619 1786 812 1869 Carthagine
827 1787 898 1850 illas
910 1807 985 1869 opes
1001 1786 1171 1871 abdidisse,
1184 1808 1225 1851 ne
1237 1808 1339 1852 novus

297 1890 432 1973 populus
454 1890 552 1953 nimia
575 1890 711 1973 pecunia
738 1890 896 1954 lasciviret
926 1898 981 1953 aut
1004 1910 1095 1972 reges
1117 1891 1338 1973 Numidarum,

166 2009 241 2062 surra
297 2000 329 2056 et
350 1994 429 2058 alias
451 1993 577 2075 infensi,
606 1994 753 2077 cupidine
776 1994 845 2058 auri
867 1994 909 2058 ad
938 1994 1057 2058 bellum
1080 1995 1338 2060 accenderentur.

136 2079 268 2202 Jssgffi
401 2097 431 2163 2.
455 2098 556 2180 Igitur
570 2098 665 2180 Nero,
689 2119 754 2163 non
769 2097 916 2180 auctoris,
940 2117 1005 2162 non
1027 2098 1126 2182 ipsius
1142 2100 1259 2181 negotii
1276 2099 1339 2165 fide

142 2219 166 2263 a
181 2219 260 2271 orara
297 2202 373 2267 satis
395 2210 540 2285 spectata
561 2223 621 2267 neo
640 2203 753 2286 missis,
777 2223 834 2286 per
849 2222 928 2284 quos
951 2209 1104 2286 nosceret,
1128 2224 1171 2267 an
1186 2224 1264 2268 vera
1286 2204 1339 2267 ad-

128 2289 274 2342 i⁰il¹¹¹¹⁸²²l
297 2306 464 2388 ferrentur,
492 2314 589 2388 auget
613 2307 693 2371 ultro
720 2325 878 2371 rumorem
902 2306 1073 2390 mittitque,
1098 2308 1152 2387 qui
1174 2310 1263 2372 velut
1285 2329 1338 2393 pa-

297 2417 397 2474 ratam
419 2411 573 2501 praedam
595 2410 800 2476 adveherent.
825 2410 941 2475 dantur
963 2412 1105 2475 triremes
1127 2419 1159 2476 et
1179 2412 1339 2477 delectum

297 2514 461 2595 remigium
485 2514 644 2579 iuvandae
666 2514 870 2580 festinationi.
909 2535 968 2578 nec
991 2515 1077 2579 aliud
1099 2535 1156 2599 per
1177 2516 1248 2581 illos
1272 2517 1339 2581 dies

296 2619 431 2701 populus
460 2618 653 2702 credulitate,
685 2618 858 2702 prudentes
886 2619 1012 2683 diversa
1039 2619 1126 2682 fama
1152 2621 1262 2685 tulere.
1302 2640 1339 2684 ao

296 2721 378 2786 forte
394 2721 629 2804 quinquennale
653 2722 810 2786 ludicrum
833 2722 971 2788 secundo
994 2724 1092 2787 lustro
1108 2724 1338 2808 celebrabatur,

296 2824 337 2889 ab
361 2826 600 2907 oratoribusque
626 2826 797 2909 praecipua
820 2826 952 2890 materia
977 2826 1010 2890 in
1033 2827 1161 2891 laudern
1189 2828 1340 2911 principis

296 2929 466 3013 adsumpta
488 2936 544 2995 est.
580 2951 644 2995 non
667 2931 754 2995 enim
776 2931 884 2994 solitas
907 2936 1031 2995 tantum
1055 2931 1162 3013 fruges
1185 2951 1245 2996 nec
1268 2953 1338 2997 con-

296 3033 402 3098 fusum
424 3035 559 3099 metallis
582 3035 652 3099 aliis
675 3055 785 3099 aurum
809 3035 907 3116 gigni,
931 3034 988 3099 sed
1012 3056 1095 3106 nova
1110 3037 1255 3101 ubertate
1271 3058 1339 3120 pro-

296 3139 406 3203 venire
428 3145 544 3203 terram
567 3146 599 3204 et
622 3138 732 3204 obvias
755 3159 830 3221 opes
854 3138 977 3203 deferre
992 3139 1078 3223 deos,
1104 3161 1250 3222 quaeque
1275 3142 1340 3206 alia

296 3262 420 3306 summa
442 3242 668 3307 facundianec
684 3244 804 3308 minore
819 3242 1000 3308 adulatione
1018 3244 1147 3308 servilia
1161 3244 1337 3327 fingebant,

135 3362 170 3406 aa
183 3360 219 3413 tlt
234 3362 269 3406 aa
295 3347 398 3411 securi
420 3347 460 3411 de
483 3347 635 3411 facilitate
658 3347 824 3412 credentis.

148 3432 255 3553 agga,
400 3451 429 3514 3.
470 3450 630 3516 Gliscebat
656 3451 783 3515 interim
812 3452 936 3515 luxuria
966 3471 1021 3535 spe
1048 3452 1146 3534 inani,
1177 3472 1337 3517 consume·

133 3571 265 3622 autemut
295 3554 474 3635 banturque
502 3561 627 3621 veteres
654 3575 730 3639 opes
758 3555 848 3635 quasi
877 3554 1000 3638 oblatis,
1032 3574 1111 3635 quas
1138 3556 1256 3620 multos
1282 3576 1339 3639 per

130 3641 168 3683 Μ
182 3639 269 3692 mm
294 3677 396 3722 annos
419 3658 607 3740 prodigeret.
637 3659 714 3739 quin
737 3666 770 3722 et
791 3660 867 3723 inde
889 3660 954 3723 iam
978 3661 1183 3743 largiebatur;
1207 3666 1239 3723 et
1261 3660 1338 3725 divi-

295 3765 412 3827 tiarum
427 3764 621 3847 exspectatio
643 3763 727 3827 inter
742 3783 854 3828 causas
878 3764 1073 3847 paupertatis
1095 3764 1243 3847 publicae
1258 3771 1336 3828 erat.

296 3885 372 3929 nam
395 3865 520 3949 Bassus,
544 3866 657 3930 effosso
679 3886 757 3947 agro
772 3886 829 3931 suo
844 3867 980 3948 latisque
1003 3868 1120 3931 circum
1144 3868 1237 3950 arvis,
1261 3867 1337 3932 dum
