2984 4275
502 160 682 217 6116616.
707 176 733 228 p.
747 158 810 214 cnr.
823 163 865 215 66.
1143 141 1206 205 165

160 335 279 401 damno
295 335 489 400 exercituum
505 335 693 419 displicere?
716 354 758 398 ne
774 332 934 398 hominem
957 333 1048 398 bonis
1070 332 1204 416 publicis

161 447 327 524 maestum,
356 445 387 504 et
417 439 472 520 qui
494 439 563 505 fora
589 439 716 503 theatra
737 440 857 522 templa
879 458 935 522 pro
958 437 1127 502 solitudine
1149 436 1203 500 ha-

159 545 258 627 beret,
291 544 346 627 qui
369 544 570 608 minitaretur
592 543 721 608 exilium
745 563 848 625 suum,
879 542 1061 607 ambitionis
1083 560 1202 624 pravae

158 655 339 734 compotem
350 648 502 714 facerent.
519 669 583 713 non
599 648 643 713 illi
660 649 807 713 consulta
818 649 907 729 haee,
919 667 983 711 non
997 647 1201 729 magistratus

158 760 213 818 aut
243 755 421 818 Romanam
451 754 563 818 urbem
590 752 700 816 videri.
739 754 942 835 abrumperet
963 750 1062 815 vitam
1092 750 1133 815 ab
1161 769 1201 814 ea

156 857 296 940 civitate,
321 857 410 922 ouius
425 856 590 921 caritatem
613 856 698 939 olim,
721 875 806 920 nune
822 861 854 919 et
869 861 1034 938 aspectum
1050 853 1198 918 exuisset.
1276 880 1317 924 6,,

263 961 316 1026 29.
350 961 430 1026 Cum
452 981 509 1045 per
530 961 611 1025 haec
636 967 733 1042 atque
760 960 837 1024 16116
863 959 1039 1035 Marcellus,
1071 964 1106 1022 ut
1129 964 1198 1021 erat
1217 949 1365 1066 ,2⁶2¹th

155 1074 265 1132 torvus
288 1086 327 1132 ae
349 1067 468 1151 minax,
499 1086 578 1130 1666
600 1067 690 1130 uultu
718 1064 816 1130 oculis
839 1063 1027 1147 ardesceret,
1059 1081 1122 1126 non
1143 1061 1199 1125 illa
1364 1054 1372 1068 ’

154 1179 232 1237 6616
255 1177 288 1236 61
310 1171 493 1236 celebritate
521 1171 732 1255 periculorum
760 1176 850 1234 sueta
876 1169 940 1233 iarn
963 1173 1092 1232 senatus
1113 1186 1199 1230 mae-

152 1276 251 1359 stitia,
282 1275 339 1339 sed
361 1293 462 1340 novus
489 1280 521 1339 et
543 1274 633 1338 altior
656 1293 756 1357 pavor
777 1293 891 1337 manus
921 1279 954 1337 et
976 1272 1040 1336 tela
1062 1271 1197 1336 militum

152 1379 367 1446 cernentibus.
385 1379 479 1444 simul
493 1378 592 1462 ipsius
607 1378 770 1442 Thraseae
786 1375 978 1442 venerabilis
1001 1375 1122 1460 speeies
1145 1375 1197 1438 ob·

152 1483 357 1568 versabatur;
382 1489 414 1549 et
436 1490 528 1548 erant
543 1482 598 1564 qui
619 1481 803 1547 Helvidium
818 1501 944 1564 quoque
965 1480 1195 1561 miserarentur,

150 1589 304 1654 innoxiae
340 1588 513 1654 adfinitatis
549 1607 669 1672 poenas
706 1586 865 1651 daturum.
911 1585 987 1667 quid
1021 1584 1196 1668 Agrippino

150 1693 313 1758 obiectum
343 1692 405 1757 nisi
434 1692 558 1758 tristem
588 1692 685 1776 patris
707 1691 891 1756 fortunam?
929 1689 1057 1772 quando
1085 1695 1116 1753 et
1141 1690 1195 1753 1116

149 1797 292 1882 perinde:
312 1798 466 1863 innocens
489 1797 607 1862 Tiberii
635 1796 767 1861 saevitia
797 1795 994 1860 concidisset.
1033 1794 1194 1858 enimvero

149 1902 339 1967 Montanum
361 1902 480 1985 probae
502 1901 652 1965 iuventae
674 1920 778 1982 neque
801 1900 916 1965 famosi
939 1899 1095 1981 carminis,
1120 1897 1194 1977 quia

148 2006 314 2090 protulerit
335 2006 508 2089 ingenium,
533 2013 690 2070 extorrem
712 2005 775 2088 agi.

257 2109 309 2176 30.
332 2110 438 2194 Atque
459 2109 582 2175 interim
601 2108 741 2175 Ostorius
763 2108 909 2194 Sabinus,
933 2107 1045 2174 Sorani
1067 2125 1191 2172 accusa·
1261 2130 1316 2185 auu

148 2221 207 2299 tor,
242 2214 418 2298 ingreditur
451 2215 635 2297 orditurque
669 2215 709 2280 de
742 2214 883 2278 amicitia
916 2213 1041 2278 Rubelli
1074 2213 1189 2295 Plauti,
1208 2198 1369 2325 33⁸3de

148 2318 299 2401 quodque
321 2320 577 2403 proconsulatum
600 2320 696 2385 Asiae
718 2320 857 2385 Soranus
887 2337 943 2402 pro
965 2317 1107 2382 claritate
1129 2317 1189 2383 sibi
1247 2341 1333 2386 uersa

148 2422 255 2506 potius
269 2423 548 2489 adcommodatum
564 2444 660 2505 quarn
680 2445 721 2489 ex
735 2424 873 2489 utilitate
888 2422 1047 2487 communi
1062 2421 1189 2504 egisset,
1231 2409 1345 2532 ξζζξξὲξ

148 2527 265 2592 alendo
287 2528 459 2593 seditiones
481 2529 664 2594 eivitatium.
692 2535 802 2593 161616
824 2528 921 2592 haee:
945 2525 999 2591 sed
1022 2546 1134 2592 reeens
1157 2532 1363 2594 6116666661

148 2649 210 2711 quo
238 2631 410 2696 discrimini
437 2633 537 2717 patris
559 2632 658 2697 filiam
680 2632 878 2716 conectebat,
909 2631 994 2713 quod
1021 2631 1188 2715 pecuniam
1227 2614 1352 2669 mmm·

148 2734 250 2817 magis
280 2735 426 2819 dilargita
456 2743 550 2802 esset.
596 2737 756 2803 acciderat
784 2758 861 2802 sanc
889 2738 1007 2821 pietate
1035 2735 1188 2800 Serviliae

146 2839 195 2924 (id
218 2839 304 2905 enim
326 2853 443 2905 nomen
466 2841 593 2924 puellae
615 2841 698 2925 fuit),
722 2862 804 2924 quae
827 2842 958 2906 66111616
978 2861 1054 2923 erga
1076 2860 1188 2925 paren·

146 2949 221 3028 tem,
245 2944 339 3009 simul
361 2944 564 3028 inprudentia
578 2946 702 3028 aetatis,
726 2967 791 3011 non
806 2954 915 3010 tamen
931 2945 1018 3010 aliud
1033 2947 1188 3010 consulta-

145 3056 235 3113 verat
251 3067 347 3130 quam
362 3049 403 3114 de
417 3050 633 3115 incolumitate
656 3050 778 3135 domus,
803 3057 891 3115 etan
910 3050 1076 3135 placabilis
1091 3052 1186 3132 Nero,

143 3172 186 3216 an
209 3153 348 3236 cognitio
371 3161 499 3219 senatus
515 3154 594 3219 nihil
616 3161 708 3219 atrox
731 3154 880 3219 adferret.
903 3154 999 3237 igitur
1020 3155 1123 3219 accita
1137 3161 1187 3221 est

44 3311 49 3322 .
143 3254 356 3342 incenatum,
379 3265 599 3341 steteruntque
621 3259 739 3325 diversi
762 3266 836 3324 ante
858 3260 998 3323 tribunal
1021 3260 1184 3324 consulum

143 3360 273 3442 grandis
295 3381 374 3427 aeuo
398 3383 522 3447 parens,
546 3370 656 3429 contra
670 3363 735 3427 filia
751 3364 833 3428 intra
849 3364 1055 3428 vicensimum
1070 3364 1185 3429 aetatis

141 3484 262 3530 annum
292 3487 395 3551 nuper
424 3468 535 3533 marito
561 3469 666 3534 Annio
696 3469 839 3534 Pollione
868 3468 901 3533 in
933 3468 1065 3533 exilium
1094 3469 1184 3552 pulso

143 3568 274 3634 viduata
289 3570 503 3656 desolataque,
526 3594 564 3638 ac
578 3594 619 3637 ne
635 3580 758 3657 patrem
782 3572 909 3656 quidem
932 3573 1068 3654 intuens,
1092 3573 1181 3637 ouius

141 3689 291 3739 onerasse
314 3675 455 3758 pericula
477 3676 654 3744 videbatur.

246 3777 298 3843 31.
322 3779 406 3843 Tum
419 3779 634 3863 interrogante
657 3788 849 3864 accusatore,
873 3801 914 3846 an
931 3782 1034 3846 cultus
1049 3781 1180 3864 dotales,
1247 3809 1306 3862 pse

141 3899 183 3944 an
205 3880 384 3947 detractum
407 3885 522 3949 cervici
544 3885 660 3951 monile
683 3906 802 3951 venum
824 3885 972 3969 dedisset,
1005 3906 1067 3968 quo
1090 3905 1181 3970 pecu·
1225 3878 1331 3933 aretusa
