2984 4275
310 156 372 220 128
538 175 588 230 Ab
607 191 722 230 excessu
741 176 774 230 D.
787 176 913 243 Augusti
931 176 986 232 XV
1004 180 1116 235 28-33.

308 368 370 431 quo
393 368 494 433 nuper
515 350 664 415 obsessae
687 370 757 415 cum
773 351 873 416 Paeto
895 351 1037 435 legiones
1059 358 1157 437 erant,
1182 373 1254 418 oum
1277 355 1348 421 bar-

194 538 197 543 p
308 451 392 517 baris
414 453 555 519 delectus
577 459 660 518 esset
682 453 722 519 ob
746 455 931 520 memoriam
954 456 1093 521 laetioris
1114 456 1175 521 sibi
1196 459 1251 540 rei,
1274 458 1347 525 Cor·

307 557 383 622 bulo
398 577 462 622 non
474 557 596 641 vitavit,
608 565 644 622 ut
658 558 880 624 dissimilitudo
896 559 1041 624 fortunae
1055 561 1188 643 gloriam
1203 571 1346 646 augeret.

307 680 410 744 neque
431 661 564 726 infamia
585 662 675 728 Paeti
697 663 881 745 angebatur,
907 663 991 744 quod
1014 683 1052 728 eo
1072 666 1210 730 maxime
1233 668 1347 751 patuit,

307 766 381 849 quia
407 765 471 832 filio
498 767 565 831 eius
592 766 719 831 tribuno
750 766 865 832 ducere
897 768 1075 852 manipulos
1101 774 1207 852 atque'
1224 773 1347 856 operire

306 871 454 953 reliquias
484 871 588 935 malae
620 891 748 955 pugnae
777 872 953 955 imperavit.
992 871 1045 936 die
1077 881 1173 956 pacta
1201 874 1347 940 'liberius

306 973 496 1057 Alexander,
519 974 658 1040 inlustris
680 994 778 1056 eques
791 977 963 1060 Romanus,
987 977 1129 1042 minister
1142 978 1226 1044 bello
1242 978 1346 1062 datus,

306 1085 338 1144 et
349 1079 532 1145 Vinicianus
542 1079 674 1161 Annius,
698 1099 797 1163 gener
811 1078 1008 1161 Corbulonis,
1032 1081 1174 1146 nondum
1189 1085 1348 1148 senatoria

306 1188 413 1250 aetate
435 1191 467 1248 et
490 1204 546 1267 pro
567 1183 672 1266 legato
696 1184 827 1266 quintae
858 1183 976 1267 legioni
998 1186 1160 1270 inpositus,
1186 1187 1220 1251 in
1243 1193 1348 1253 castra

305 1287 454 1353 Tiridatis
468 1306 594 1370 venere,
618 1287 737 1353 honore
760 1287 839 1352 eius·
852 1307 890 1352 ao
904 1308 946 1354 ne
969 1294 1121 1353 metueret
1142 1290 1273 1355 insidias
1289 1292 1347 1356 tali

305 1393 451 1476 pignore,
482 1391 586 1456 viceni
615 1389 731 1455 dehinc
761 1393 883 1473 equites
914 1392 1083 1477 adsumpti.
1122 1400 1154 1459 et
1175 1395 1245 1459 viso
1271 1394 1348 1460 Cor·

306 1495 423 1560 bulone
445 1515 502 1560 rex
529 1496 613 1579 prior
642 1514 723 1577 equo
753 1494 894 1580 desiluit;
925 1516 985 1561 neo
1015 1503 1179 1562 cunctatus
1200 1497 1347 1582 Corbulo,

307 1597 364 1665 sed
385 1599 484 1684 pedes
506 1605 637 1682 uterque
660 1599 809 1665 dexteras
833 1600 995 1666 miscuere.

410 1703 461 1768 29.
497 1703 579 1768 Exin
609 1703 772 1768 Romanus
799 1704 910 1769 laudat
936 1705 1086 1770 iuvenem
1108 1706 1230 1770 omissis
1259 1727 1348 1790 prae

172 1812 256 1867 luntre
307 1808 454 1893 cipitibus
474 1814 543 1873 tuta
565 1816 597 1873 et
618 1809 768 1873 salutaria
790 1815 1019 1892 capessentem.
1042 1809 1096 1874 ille
1119 1809 1159 1873 de
1182 1810 1347 1876 nobilitate

134 1881 289 1996 'mmm'
307 1913 431 1996 generis
453 1914 586 1978 multum
612 1912 785 1997 praelatus,
815 1919 921 1977 cetera
950 1920 1165 1997 temperanter
1186 1913 1346 1997 adiungit:

154 2019 188 2065 δὴ
201 2020 273 2066 Μ’
306 2017 423 2082 iturum
442 2018 560 2101 quippe
573 2018 709 2082 Romam
731 2017 931 2099 laturumque
954 2037 1072 2082 novum
1088 2018 1215 2083 Caesari
1237 2017 1347 2105 decus,

153 2089 271 2207 “stflffffm
307 2143 372 2188 non
393 2121 534 2188 adversis
556 2121 743 2187 Parthorum
765 2123 859 2188 rebus
882 2123 1057 2207 supplicem
1071 2122 1254 2189 Arsaciden.
1278 2129 1347 2188 tum

151 2231 200 2283 Μ
213 2230 272 2275 aaa
306 2228 425 2312 placuit
445 2226 611 2291 Tiridaten
637 2246 755 2310 ponere
782 2226 868 2311 apud
895 2225 1034 2309 effigiem
1055 2226 1200 2292 Caesaris
1221 2228 1347 2309 insigne

152 2302 267 2424 wa
306 2330 429 2414 regium
451 2350 511 2395 neo
532 2330 594 2395 nisi
617 2351 712 2395 manu
735 2330 871 2396 Neronis
894 2349 1066 2414 resumere,
1091 2337 1123 2395 et
1144 2332 1347 2413 conloquium

306 2436 411 2502 osculo
426 2434 574 2514 finitum.
620 2433 695 2500 dein
724 2435 835 2518 paucis
868 2434 981 2499 diebus
1014 2435 1193 2519 interiectis,
1228 2455 1348 2518 magna

305 2541 462 2622 utrimque
491 2540 605 2622 specie,
635 2538 710 2603 inde
740 2558 838 2621 eques
867 2539 1058 2623 compositus
1088 2558 1145 2623 per
1169 2545 1289 2604 turmas
1315 2545 1349 2604 et

305 2642 481 2727 insignibus
514 2642 632 2727 patriis,
672 2641 746 2707 hinc
781 2645 910 2725 agmina
945 2644 1106 2726 legionum
1139 2649 1255 2709 stetere
1290 2643 1347 2708 ful-

305 2747 454 2831 gentibus
484 2747 597 2827 aquilis
630 2748 792 2830 signisque
821 2753 853 2811 et
884 2747 1058 2811 simulacris
1091 2746 1186 2811 deum
1219 2747 1253 2811 in
1284 2768 1347 2813 mo

306 2852 381 2917 dum
411 2850 536 2934 templi:
571 2852 675 2916 medio
707 2850 845 2915 tribunal
879 2850 988 2915 sedem
1022 2852 1163 2916 curulem
1192 2856 1224 2916 et
1253 2851 1347 2916 sedes

305 2954 444 3038 effigiem
470 2955 605 3020 Neronis
632 2955 818 3021 sustinebat.
865 2954 906 3019 ad
934 2975 1030 3037 quam
1057 2974 1240 3039 progressus
1268 2955 1345 3019 Tiri-

305 3060 404 3142 dates,
428 3060 528 3125 oaesis
551 3079 592 3123 ex
615 3078 701 3123 more
723 3058 869 3142 victimis,
897 3059 1056 3124 sublatum
1080 3059 1174 3143 capiti
1196 3057 1346 3125 diadema

305 3163 437 3247 imagini
463 3163 604 3246 subiecit,
636 3163 761 3246 magnis
786 3161 872 3247 apud
900 3168 1028 3227 cunctos
1053 3163 1231 3227 animorum
1258 3163 1344 3228 moti·

305 3270 375 3353 bus,
407 3287 485 3352 quos
510 3267 650 3350 augebat
675 3268 771 3333 insita
800 3267 906 3332 adhue
935 3267 1032 3332 oculis
1061 3265 1257 3333 exercituum
1287 3267 1345 3331 Ro

306 3393 470 3439 manorum
492 3371 608 3437 caedes
629 3378 685 3436 aut
706 3369 838 3437 obsidio.
867 3377 901 3435 at
923 3389 1008 3435 nunc
1031 3390 1137 3436 versos
1159 3389 1263 3435 casus:
1287 3370 1345 3434 itu·

305 3499 375 3543 rum
404 3475 568 3542 Tiridaten
598 3475 734 3542 ostentui
764 3474 925 3559 gentibus,
960 3480 1078 3556 quanto
1112 3474 1216 3539 minus
1248 3492 1345 3555 quam

185 3665 240 3711 m
306 3580 489 3667 captivum?
572 3685 578 3699 ¹
606 3683 613 3699 ο
720 3684 727 3697 ι
1024 3683 1030 3698 ⁸

148 3735 275 3787 pamm„
410 3684 461 3750 30.
496 3683 628 3749 Addidit
649 3684 770 3767 gloriae
792 3683 928 3748 Corbulo
952 3689 1134 3748 comrtatem
1156 3682 1342 3768 epulasque3

196 3804 227 3849 aa
306 3796 338 3854 et
358 3789 516 3870 rogitante
538 3807 613 3871 rega
635 3806 756 3869 causas,
785 3787 929 3868 quotiens
952 3806 1070 3851 novum
1093 3786 1213 3869 aliquid
1234 3785 1344 3864 adver-

155 3871 267 3995 ‘flfflssfu
305 3898 396 3975 terat,
420 3898 455 3955 ut
477 3891 568 3956 initia
582 3890 760 3973 vigiliarum
783 3911 840 3974 per
863 3890 1079 3956 centurionem
1101 3889 1249 3974 nuntiari,
1273 3909 1342 3954 con·
