2984 4275
268 126 330 192 120
496 142 545 199 Ab
564 159 680 199 excessu
698 143 731 197 D.
745 142 873 213 Augusti
890 144 943 199 XV
963 146 1072 200 11-15.

265 336 408 402 propere,
443 317 535 401 signa
564 324 596 384 et
625 317 749 401 aquilas
779 325 810 383 et
840 338 955 384 nomen
984 318 1140 400 reliquum
1169 318 1305 384 infelicis

266 423 422 488 exercitus
437 428 589 488 tueretur:
605 442 639 487 se
654 422 753 487 fidem
766 422 903 507 interim,
919 424 1020 488 donec
1033 422 1099 487 vita
1114 423 1303 507 subpeditet,

265 531 449 591 retenturos.

121 644 217 691 carunto
371 630 421 696 12.
456 631 515 695 Ille
537 630 699 697 interritus
722 638 754 697 et
776 638 867 716 parte
889 633 1049 716 copiarum
1071 632 1156 717 apud
1178 631 1305 697 Suriam

92 714 248 838 ‘mgffl
265 734 384 818 relicta,
408 741 443 799 ut
457 736 654 801 munimenta
668 735 825 820 Euphrati
845 737 983 820 inposita
997 736 1216 817 retinerentur,
1240 755 1305 817 qua

131 854 210 909 talc,
265 840 443 923 proximum
466 848 497 904 et
520 840 747 905 commeatibus
769 860 833 906 non
857 860 1003 924 egenum,
1031 841 1194 923 regionem
1215 840 1305 905 (iom-

264 962 448 1027 magenam,
484 946 568 1009 exim
601 943 847 1028 Cappadociam,
881 945 956 1009 inde
982 945 1151 1009 Armenios
1184 945 1304 1029 petivit.

265 1048 497 1113 comitabantur
524 1048 697 1113 exercitum
723 1056 849 1132 praeter
870 1049 935 1112 alia
961 1054 1050 1113 sueta
1076 1048 1161 1113 bello
1188 1068 1307 1131 magna

265 1151 314 1216 vis
330 1152 523 1218 camelorum
544 1159 658 1218 onusta
680 1152 839 1237 frumenti,
864 1160 899 1217 ut
914 1152 1007 1217 simul
1029 1152 1152 1218 hostem
1175 1151 1306 1216 famem·

266 1275 327 1336 que
350 1255 533 1340 depelleret.
572 1256 709 1340 primum
737 1257 929 1341 eperculsis
956 1258 1103 1322 Paccium
1130 1253 1229 1341 primi?
1250 1256 1308 1340 pili

266 1360 482 1426 centurionem
498 1361 628 1426 obvium
642 1360 764 1445 hahuit,
785 1361 859 1426 dein
875 1362 1039 1446 plerosque
1055 1360 1204 1445 militum;
1227 1379 1307 1441 quos

267 1464 408 1530 diversas
439 1464 534 1547 fugae
565 1484 677 1530 causas
706 1464 917 1531 obtendentes
946 1465 1049 1530 redire
1078 1465 1121 1530 ad
1151 1465 1243 1548 signa
1274 1470 1308 1529 et

267 1569 468 1633 clementiam
499 1569 588 1634 Paeti
619 1568 755 1653 experiri
785 1570 954 1635 monebat:
986 1589 1020 1634 se
1050 1569 1111 1634 nisi
1138 1567 1308 1635 victoribus

267 1673 412 1738 inmitem
432 1692 511 1739 esse.
536 1674 630 1738 simul
645 1694 718 1739 suas
733 1674 875 1756 legiones
894 1673 992 1758 adire,
1013 1672 1145 1757 hortari3
1168 1672 1308 1757 priorum

266 1776 447 1860 admonere,
471 1798 587 1843 novam
610 1778 742 1860 gloriam
765 1778 941 1844 ostendere.
979 1798 1044 1843 non
1066 1777 1154 1843 meos
1176 1783 1231 1842 aut
1252 1798 1305 1861 op·

267 1880 343 1964 pida
357 1881 588 1966 Armeniorum,
612 1881 670 1947 sed
691 1889 796 1948 castra
818 1884 962 1947 Romana
984 1882 1126 1963 duasque
1147 1881 1181 1945 in
1203 1881 1241 1946 iis
1262 1881 1306 1946 le·

267 1984 377 2068 giones
406 1988 542 2069 pretium
571 1987 689 2053 laboris
718 1988 794 2072 peti.
836 1989 863 2053 si
892 1987 1023 2069 singulis
1056 1985 1308 2070 manipularibus

267 2091 440 2175 praecipua
462 2091 579 2157 servati
606 2092 683 2158 civis
706 2111 822 2157 corona
847 2091 1050 2177 imperatoria
1071 2090 1170 2156 manu
1192 2090 1308 2157 tribue-

267 2201 363 2282 retur,
392 2196 477 2279 quod
498 2198 577 2263 illud
599 2204 631 2263 et
653 2204 807 2279 quantum
829 2196 935 2280 decus,
965 2196 1019 2262 ubi
1041 2216 1099 2281 par
1121 2215 1230 2262 eorum
1252 2216 1307 2260 nu-

268 2321 373 2366 merus
399 2302 603 2387 aspiceretur,
634 2302 687 2384 qui
715 2300 904 2366 adtulissent
930 2301 1067 2365 salutem
1089 2305 1121 2364 et
1143 2300 1198 2381 qui
1219 2319 1308 2364 acce·

267 2405 399 2488 pissenti
428 2404 477 2471 his
499 2412 593 2487 atque
616 2405 733 2470 talibus
755 2406 971 2470 incommune
992 2404 1114 2469 alacres
1138 2404 1183 2490 (et
1206 2408 1307 2484 erant,

269 2529 348 2590 quus
369 2510 509 2593 pericula
531 2509 665 2574 fratrum
684 2515 740 2574 aut
759 2510 1004 2593 propinquorum
1026 2509 1159 2593 propriis
1174 2508 1308 2573 stimulis

268 2612 489 2695 incenderent)
518 2614 700 2678 continuum
727 2612 783 2677 diu
809 2620 966 2694 noctuque
996 2614 1056 2678 iter
1082 2612 1307 2697 properabant.

376 2717 425 2782 13.
461 2717 569 2799 quue
598 2717 749 2783 intentius
775 2717 947 2800 Vologeses
977 2736 1120 2802 premere
1149 2716 1307 2799 obsessos,

148 2874 200 2920 „m
270 2821 363 2886 modo
394 2823 513 2887 vallum
545 2822 716 2906 legionum,
753 2821 846 2887 modo
880 2821 1053 2904 castellum,
1088 2840 1150 2902 quc
1182 2819 1309 2885 inbellis

104 2943 244 2998 scuranum
269 2932 358 2990 aetas
385 2926 625 3010 defendebatur,
655 2926 850 3010 adpugnare,
881 2925 1010 3009 propius
1035 2923 1188 2989 incedens
1211 2943 1309 3006 quam

116 3014 232 3138 affin,
271 3051 338 3097 mos
358 3031 490 3113 Parthis,
515 3031 541 3096 si
556 3051 595 3096 ea
609 3030 788 3095 temeritate
810 3029 934 3094 hostem
955 3031 989 3094 in
1004 3030 1156 3113 proelium
1172 3029 1309 3093 eliceret.

132 3153 214 3209 erubet
269 3144 303 3200 at
330 3135 376 3199 illi
398 3137 452 3201 rix
480 3135 694 3200 contuberniis
721 3133 856 3215 extrahi,
887 3153 947 3198 nec
973 3133 1059 3198 aliud
1087 3152 1182 3215 quarn
1210 3133 1309 3197 muni-

270 3246 378 3305 menta
404 3240 659 3324 propugnabant,
691 3258 765 3323 pars
791 3238 877 3302 iussu
908 3237 1006 3320 ducis,
1037 3243 1069 3301 et
1097 3238 1152 3301 alii
1183 3238 1310 3322 propria

270 3344 400 3428 ignavia
422 3350 476 3409 aut
499 3343 711 3409 Corbulonem
734 3342 943 3426 opperientes,
966 3341 1067 3407 aevis
1090 3342 1117 3406 si
1138 3342 1309 3425 ingrueret,

270 3448 404 3533 provisis
420 3448 574 3533 exemplis
597 3447 696 3513 cladis
711 3446 874 3511 Caudinae
888 3445 1182 3530 Numantinaeque,
1205 3462 1310 3525 neque

271 3552 407 3617 eandem
429 3551 495 3617 vim
517 3551 721 3633 Samnitibus,
744 3551 856 3615 Italico
880 3550 1005 3634 populo,
1033 3570 1072 3614 ac
1093 3550 1226 3632 Parthis,
1250 3550 1311 3614 Rc·

272 3655 357 3720 mani
377 3656 501 3739 imperii
523 3656 666 3720 aemulis.
689 3655 831 3720 validam
846 3673 970 3736 quoque
993 3661 1025 3718 et
1046 3652 1209 3718 laudatam
1231 3654 1311 3717 anti-

272 3759 434 3842 quitatem,
452 3761 594 3841 quotiens
609 3759 735 3824 fortuna
751 3765 861 3823 contra
876 3758 975 3840 daret,
992 3758 1086 3822 saluti
1102 3758 1309 3823 consuluisse.

272 3880 335 3940 qua
362 3861 580 3945 desperatione
607 3863 763 3927 exercitus
792 3863 858 3928 dux
885 3863 1034 3929 subactus
1062 3862 1179 3946 primas
1201 3868 1311 3926 tamen
