2984 4275
305 222 347 286 66
529 244 577 299 Ab
597 259 712 298 excessu
731 244 764 299 D.
778 244 903 314 Augusti
920 246 993 300 XIII
1011 249 1124 302 30-34.

305 418 455 483 Proculus
470 417 727 504 repetundarum,
743 419 949 485 Cretensibus
960 421 1193 485 accusantibus.
1217 419 1350 488 Clodius

305 521 485 606 Quirinalis,
514 523 598 606 quod
621 522 802 607 praefectus
824 523 989 606 remigum,
1019 524 1074 605 qui
1096 525 1270 589 Ravennae
1294 526 1348 589 ba-

304 625 462 703 berentur‚
490 628 579 692 velut
605 626 747 690 infimam
778 628 941 691 nationum
972 628 1099 692 ltaliam
1126 628 1254 693 luxuria
1281 649 1348 694 sae·

303 729 444 812 vitiaque
467 729 703 811 adflictavisset,
727 750 851 794 veneno
874 729 1112 795 damnationem
1135 732 1255 796 anteiit.
1288 732 1346 797 Oa-

302 827 417 898 ninius
430 833 569 914 Rebilus,
594 853 635 897 ex
657 834 847 918 primoribus
872 834 987 917 peritia
1008 834 1116 916 legum
1138 840 1169 898 et
1192 836 1347 919 pecuniae

302 936 531 1022 magnitudine,
555 938 713 1002 eruciatus
735 957 852 1020 aegrae
875 945 1023 1002 senectae
1040 939 1153 1003 emisso
1172 959 1230 1024 per
1244 960 1347 1005 venas

302 1042 458 1124 sanguiue
481 1042 602 1123 effugit,
631 1040 718 1105 haud
741 1040 879 1106 creditus
902 1041 1046 1106 sufficere
1068 1041 1110 1106 ad
1134 1046 1345 1108 constantiam

301 1145 476 1209 sumendae
508 1146 625 1230 mortis,
660 1147 700 1210 ob
731 1145 881 1210 libidines
911 1145 1106 1211 muliebriter
1135 1146 1271 1213 infamis.
1310 1156 1347 1213 at

300 1250 336 1315 L.
352 1250 501 1313 Volusius
525 1250 654 1332 egregia
677 1249 763 1313 fama
785 1251 950 1333 concessit,
975 1251 1024 1314 cui
1044 1257 1109 1315 tres
1124 1257 1155 1315 et
1170 1253 1346 1334 nonaginta

299 1355 377 1417 anui
400 1354 538 1437 spatium
560 1353 692 1418 vivendi
714 1355 968 1438 praecipuaeque
995 1375 1071 1438 opes
1093 1356 1186 1421 bonis
1212 1357 1344 1439 artibus,

299 1458 456 1523 inoffensa
478 1465 524 1522 tot
546 1458 772 1543 imperatorum
795 1460 924 1541 malitia,
949 1459 1085 1523 fuerunt.

158 1679 247 1732 trouu·
404 1666 455 1730 31.
480 1667 604 1731 Nerone
626 1668 741 1731 iterum
761 1668 797 1731 L.
813 1668 930 1732 Pisone
954 1667 1137 1733 consulibus
1162 1688 1265 1752 pauca
1281 1690 1343 1734 me·

133 1748 271 1870 qssssssssffiq,
300 1771 399 1836 moria
429 1769 528 1852 digua
558 1790 703 1853 evenere,
735 1770 796 1835 nisi
826 1771 876 1835 eui
907 1771 1007 1836 libeat
1035 1770 1204 1836 laudandis
1231 1771 1342 1837 funda·

165 1887 240 1939 suere
299 1873 413 1937 mentis
436 1880 468 1938 et
491 1873 643 1956 trabibus,
671 1875 741 1957 quis
764 1875 881 1938 molem
904 1874 1129 1959 amphitheatri
1151 1875 1236 1959 apud
1260 1896 1343 1939 oam-

143 1954 259 2069 ἳζῇζζῖξξ
299 1998 375 2061 pum
400 1977 510 2042 Martis
532 1977 649 2042 Caesar
671 1985 881 2059 exstruxerat,
909 1978 1071 2043 volumina
1094 1979 1235 2063 implere,
1268 1999 1340 2045 cum

123 2095 212 2147 cernent
231 2096 275 2141 mo
298 2101 340 2147 ex
371 2082 527 2165 dignitate
556 2082 663 2167 populi
694 2082 830 2147 Romani
858 2089 1017 2167 repertum
1046 2083 1086 2148 sit
1113 2103 1163 2149 res
1192 2084 1341 2150 inlustres

126 2165 273 2279 &agani
299 2186 475 2271 annalibus,
511 2188 588 2250 talia
620 2187 740 2251 diurnis
774 2186 861 2251 urbis
891 2188 970 2251 actis
1001 2187 1161 2251 mandare.
1200 2196 1339 2253 ceterum

125 2304 274 2355 cacruleo
299 2291 441 2355 coloniae
465 2290 575 2374 Capua
597 2296 693 2372 atque
715 2290 853 2354 Nuceria
874 2290 992 2355 additis
1015 2293 1175 2356 veteranis
1197 2291 1340 2357 firmatae

146 2372 255 2495 „ffn‘fm'
297 2401 379 2478 sunt,
407 2394 578 2479 plebeique
605 2394 802 2476 congiarium
836 2394 1046 2477 quadringeni
1073 2397 1194 2459 nummi
1221 2397 1339 2461 viritim

145 2511 255 2564 uttttrea
296 2498 372 2580 dati,
402 2505 434 2562 et
462 2497 639 2563 sestertium
670 2497 953 2580 quadringentiens
980 2499 1101 2563 aerario
1128 2500 1263 2564 inlatum
1291 2508 1339 2565 est

142 2590 166 2634 ‘¹‘
181 2582 253 2633 resen.
295 2601 337 2665 ad
361 2600 561 2666 retinendam
584 2601 692 2685 populi
714 2600 820 2665 fidem.
845 2602 982 2685 vectigal
1007 2622 1131 2685 quoque
1155 2604 1284 2685 quintae
1307 2612 1339 2668 et

295 2708 488 2771 vicensimae
499 2707 660 2771 venalium
677 2706 905 2789 mancipiorum
921 2707 1097 2790 remissum,
1114 2708 1219 2791 specie
1235 2709 1338 2795 magis

295 2830 390 2891 quam
405 2810 448 2892 vi,
473 2809 547 2892 quia
561 2830 633 2875 cum
649 2810 796 2875 venditor
810 2809 949 2894 pendere
971 2810 1141 2893 iuberetur,
1166 2812 1198 2875 iu
1215 2819 1338 2895 partem

295 2915 387 2998 pretii
422 2913 616 2997 emptoribus
650 2913 865 2979 adcrescebat.
905 2914 1006 2979 edixit
1034 2914 1160 2999 Caesar,
1196 2936 1236 2980 ue
1267 2916 1338 2999 quis

295 3019 498 3100 magistratus
520 3024 575 3082 aut
595 3024 778 3102 procurator
800 3018 832 3081 in
856 3019 1028 3102 provincia,
1053 3038 1148 3100 quam
1171 3019 1336 3101 obtineret,

295 3123 509 3206 spectaculum
532 3121 743 3204 gladiatorum
766 3128 822 3186 aut
844 3121 983 3186 ferarum
1005 3128 1061 3185 aut
1077 3122 1161 3205 quod
1183 3123 1271 3187 aliud
1294 3124 1337 3187 lu-

294 3225 416 3290 dicrum
439 3226 556 3291 ederet.
581 3247 655 3291 nam
671 3234 746 3291 ante
763 3247 825 3290 nou
842 3226 946 3292 minus
969 3228 1026 3291 tali
1048 3228 1217 3310 largitione
1240 3248 1337 3311 quam

295 3330 501 3413 corripiendis
530 3331 671 3413 pecuniis
702 3331 861 3396 subiectos
891 3330 1097 3413 adfligebant,
1132 3331 1218 3414 durn,
1255 3352 1336 3414 quae

295 3434 427 3499 libidine
450 3433 658 3517 deliquerant,
682 3433 806 3498 ambitu
829 3440 1039 3517 propugnant.

157 3548 246 3626 secare
397 3537 447 3601 32.
484 3538 615 3602 Factum
638 3544 669 3602 et
692 3545 822 3603 senatus
849 3538 1027 3601 consultum
1057 3532 1166 3603 ultioni
1192 3540 1283 3603 iuxta
1305 3547 1336 3604 et

121 3615 278 3730 Mffl'ffissstm
296 3641 467 3724 securitati,
499 3648 534 3704 ut
562 3642 589 3705 si
616 3643 687 3722 quis
713 3663 734 3704 a
763 3641 828 3705 suis
854 3641 953 3705 servis
979 3641 1164 3706 interiectus
1191 3648 1285 3725 esset,
1313 3642 1336 3706 ii

137 3755 264 3811 butorus
296 3763 430 3827 quoque,
466 3744 520 3826 qui
549 3749 737 3809 testamento
768 3763 864 3806 manu
898 3743 986 3808 missi
1019 3746 1076 3810 sub
1107 3746 1219 3809 eodem
1253 3752 1334 3810 tecto

122 3825 277 3873 mmm·
296 3848 497 3926 mansissent,
531 3846 613 3910 inter
643 3865 750 3911 servus
784 3846 940 3930 supplicia
973 3846 1155 3931 penderent.
1194 3848 1335 3912 redditur

161 3903 172 3936 u

139 3892 263 4009 ufflqqqqqu
296 3949 400 4016 ordini
418 3950 531 4015 Lurius
546 3951 648 4014 Varus
671 3951 853 4033 consularis,
877 3951 1031 4015 avaritiae
1054 3951 1238 4018 criminibus
1260 3953 1333 4017 olim
