2984 4275
474 218 498 257 a.
511 202 543 257 U.
557 218 579 255 c.
593 206 652 259 811.
677 220 704 271 p.
717 202 780 256 Chr.
794 206 836 259 58.
870 237 875 245 -
1132 187 1174 249 79

133 375 244 440 Rheno
267 375 414 456 absolvit,
430 375 530 441 Vetus
545 376 710 440 Mosellam
730 384 826 458 atque
841 376 966 441 Ararim
987 377 1073 441 facta
1091 377 1175 442 inter

132 486 301 562 utrumque
324 480 410 544 fossa
438 487 602 544 conectere
629 479 773 562 parabat,
803 486 837 544 ut
859 482 968 565 copiae
994 501 1052 565 per
1075 502 1172 563 mare,

131 583 205 648 dein
228 583 385 648 Rhodano
409 590 440 648 et
454 584 553 649 Arare
577 585 749 649 subvectae
771 604 830 667 per
851 604 923 648 eam
947 584 1075 667 fossam,
1099 606 1173 649 mox

130 687 228 752 fluvio
250 687 384 752 Mosella
411 688 444 751 in
471 688 629 771 Rhenum,
659 688 742 751 exim
770 686 932 751 Oceanum
960 688 1172 772 decurrerent,

130 791 328 874 sublatisque
350 791 471 856 itineris
491 790 731 855 difficultatibus
751 792 947 873 navigabilia
969 792 1051 855 inter
1067 812 1100 857 se
1116 791 1173 856 Oc-

130 895 264 960 cidentis
279 894 573 979 Septentrionisque
587 895 679 959 litora
693 894 814 960 fierent.
836 894 951 959 invidit
965 897 1054 980 operi
1064 897 1173 961 Aelius

130 999 264 1063 Gracilis
279 999 428 1080 Belgicae
443 999 576 1080 legatus,
593 996 783 1062 deterrendo
794 998 953 1081 Veterem,
975 1019 1015 1063 ne
1030 1000 1173 1082 legiones

129 1104 254 1167 alienae
268 1103 451 1186 provinciae
465 1102 597 1166 inferret
612 1103 780 1185 studiaque
793 1101 970 1167 Galliarum
985 1103 1171 1187 adfectaret,

127 1206 367 1271 formidolosum
389 1205 422 1270 id
445 1206 628 1289 imperatori
643 1199 800 1287 dictitans,
825 1226 887 1288 quo
903 1208 1089 1290 plerumque
1105 1228 1172 1290 pro·

23 1320 24 1355 ³
127 1310 279 1375 hibentur
300 1317 432 1373 conatus
456 1309 589 1374 honesti.

232 1413 285 1478 54.
310 1413 455 1477 Ceterum
478 1414 627 1478 continuo
642 1414 837 1478 exercituum
853 1415 917 1479 otio
933 1414 1020 1479 fama
1042 1417 1170 1481 incessit
1196 1425 1238 1471 aa
1251 1427 1336 1480 saaca

60 1520 62 1523 ’
128 1524 273 1601 ereptum
296 1518 346 1581 ius
369 1518 482 1599 legatis
504 1516 642 1581 ducendi
663 1518 697 1581 in
720 1517 852 1582 hostem.
889 1538 988 1600 eoque
1011 1519 1105 1584 Frisii
1126 1522 1169 1583 iu·
1187 1496 1344 1618 fflgssffissw,

22 1634 23 1637 ’
127 1628 292 1686 ventutem
319 1621 451 1685 saltibus
478 1628 534 1684 aut
561 1620 738 1703 paludibus,
770 1623 919 1687 inbellem
949 1629 1085 1686 aetatem
1112 1643 1170 1707 per
1225 1634 1303 1687 saera

22 1710 23 1757 3
125 1727 214 1790 lacus
241 1724 411 1790 admovere
439 1726 526 1808 ripae
554 1745 710 1808 agrosque
733 1745 851 1790 vacuos
878 1733 911 1790 et
940 1726 1074 1790 militum
1098 1728 1169 1791 usui
1187 1703 1343 1826 Qffiffm,

126 1830 280 1911 sepositos
306 1828 459 1910 insedere,
489 1836 617 1893 auctore
640 1830 764 1894 Verrito
793 1836 824 1892 et
846 1830 1007 1912 Malorige,
1039 1831 1093 1912 qui
1115 1851 1168 1894 na·
1212 1841 1236 1885 u
1251 1840 1317 1886 anm.

125 1933 243 1997 tionem
272 1952 343 1997 eam
370 1933 534 2015 regebant,
561 1933 595 1997 in
623 1939 777 2016 quantum
805 1932 958 1997 Germani
984 1940 1167 2015 regnantur.

125 2036 251 2119 iamque
283 2036 419 2101 fixerant
446 2036 564 2117 domos,
597 2038 720 2101 semina
755 2037 841 2101 arvis
870 2038 1042 2101 intulerant
1073 2042 1169 2119 utque

20 2219 21 2226 ἵ
124 2141 262 2224 patrium
290 2141 391 2205 solum
415 2142 615 2224 exercebant,
643 2162 716 2206 cum
739 2142 861 2205 Dubius
886 2142 1009 2223 Avitus,
1037 2149 1169 2225 accepta

20 2239 21 2248 ’
124 2265 143 2308 a
165 2245 300 2308 Paulino
321 2245 495 2328 provincia,
524 2245 698 2309 minitando
714 2245 779 2308 vim
802 2246 990 2326 Romanam,
1014 2245 1077 2309 nisi
1099 2246 1169 2309 abs-

124 2348 274 2413 cederent
308 2348 401 2413 Frisii
436 2353 561 2414 veteres
595 2350 627 2412 in
658 2350 743 2413 locos
778 2354 833 2412 aut
862 2368 978 2412 novam
1009 2348 1117 2411 sedem
1148 2368 1167 2411 a

123 2451 258 2516 Caesare
273 2452 477 2535 inpetrareut‚
490 2453 626 2536 perpulit
636 2453 796 2516 Verritum
812 2460 844 2516 et
858 2451 1043 2533 Malorigem
1058 2471 1167 2534 preces

123 2556 292 2639 suscipere.
330 2556 525 2639 profectique
548 2556 681 2620 Romam
704 2556 781 2620 dum
807 2556 878 2619 aliis
900 2556 983 2619 curis
1010 2556 1167 2620 intentum

122 2660 285 2723 Neronem
301 2656 514 2742 opperiuntur,
538 2659 620 2724 inter
635 2679 682 2742 ea,
700 2679 782 2742 quae
798 2660 944 2724 barbaris
959 2666 1165 2742 ostentantur,

121 2762 281 2827 intravere
310 2763 442 2846 Pompei
475 2762 641 2842 theatrum,
677 2783 738 2846 quo
770 2763 1025 2845 magnitudinem
1059 2764 1167 2846 populi

121 2867 269 2931 viserent.
298 2867 361 2930 illic
383 2886 441 2950 per
463 2867 562 2930 otium
587 2867 703 2950 (neque
726 2867 812 2930 euim
834 2866 965 2931 ludicris
987 2867 1092 2949 ignari
1114 2869 1165 2931 ob-

121 2970 334 3052 lectabantur)
357 2969 433 3033 dum
455 2989 638 3035 consessum
659 2990 787 3052 caveae,
811 2968 995 3034 discrimina
1010 2970 1164 3054 ordinum,

123 3075 193 3157 quis
208 3094 316 3157 eques,
340 3075 395 3139 ubi
411 3083 548 3157 senatus,
570 3081 803 3157 percontantur,
827 3075 995 3139 advertere
1011 3074 1165 3158 quosdam

122 3180 208 3242 cultu
236 3183 367 3243 externo
394 3177 581 3243 insedibus
608 3185 802 3259 senatorum;
835 3186 867 3243 et
897 3180 1026 3261 quinam
1050 3178 1163 3261 forent,

122 3283 306 3367 rogitantes,
334 3289 503 3366 postquam
525 3282 715 3347 audiverant
743 3301 852 3346 earum
880 3282 1023 3363 gentium
1050 3282 1165 3363 legatis

104 3374 153 3449 ‘iu
176 3386 305 3450 honoris
328 3385 446 3469 datum,
470 3405 552 3466 quae
567 3385 683 3450 virtute
707 3392 739 3450 et
754 3386 894 3449 amicitia
916 3386 1060 3450 Romana
1075 3405 1164 3467 prae·

122 3490 281 3573 uellerent,
305 3490 408 3554 nullos
423 3490 601 3554 mortalium
624 3489 720 3554 armis
743 3495 799 3553 aut
819 3487 882 3552 fide
899 3497 973 3552 ante
988 3487 1163 3552 Germanos

122 3611 190 3657 esse
206 3592 387 3656 exclamant
407 3592 696 3676 degrediunturque
713 3600 744 3657 et
759 3593 843 3656 iuter
858 3599 964 3675 patres
984 3590 1161 3655 considunt.

123 3696 205 3778 quod
228 3696 360 3761 comiter
374 3717 394 3760 a
409 3697 585 3763 visentibus
608 3704 786 3780 exceptum,
812 3696 904 3777 quasi
925 3694 1062 3777 impetus
1084 3691 1162 3755 auti-

123 3801 175 3880 qui
204 3806 237 3865 et
266 3801 351 3865 bona
380 3800 559 3865 aemulatio.
605 3802 690 3865 Nero
720 3800 848 3864 civitate
878 3799 1022 3862 Romana
1051 3796 1162 3860 ambos

122 3902 261 3988 donavit,
290 3904 409 3969 Frisios
431 3904 583 3969 decedere
606 3906 691 3987 agris
713 3904 814 3968 iussit.
853 3910 950 3983 atque
972 3901 1035 3964 illis
1057 3919 1162 3983 asper·
