2984 4275
498 149 523 188 a.
536 134 569 188 U.
581 150 604 187 4.
617 137 676 191 804.
701 151 727 202 p.
741 133 804 188 Chr.
817 139 858 191 51.
1156 114 1198 179 39

157 327 339 391 magnaque
368 308 463 372 deum
494 307 689 390 benignitate
720 314 751 372 et
778 307 933 373 modestia
961 307 1075 373 hiemis
1103 308 1197 373 rebus

157 412 310 476 extremis
339 411 540 476 subventum.
578 418 611 476 at
637 412 765 476 hercule
794 411 869 476 olim
898 411 993 475 Italia
1021 410 1198 494 legionibus

157 514 349 597 longinquas
374 515 408 579 in
431 515 610 599 provincias
633 522 827 580 commeatus
849 516 1003 599 portabat,
1032 534 1091 579 nec
1114 533 1198 578 nuno

156 618 389 684 infecunditate
412 620 581 703 laboratur,
605 619 662 683 sed
681 619 822 683 Africam
844 618 948 702 potius
971 624 1002 682 et
1016 617 1198 702 Aegyptum

157 743 353 808 exercemus,
383 723 581 806 navibusque
612 729 644 787 et
674 723 799 788 casibus
829 722 897 786 vita
927 722 1034 806 populi
1063 721 1198 785 Romani

156 827 313 912 permissa
334 834 391 892 est.
434 846 437 850 ’

262 931 314 996 44.
338 931 459 996 Eodem
482 951 565 995 anno
588 930 707 996 bellum
723 930 805 994 inter
820 929 985 994 Armenios
1000 929 1197 1012 Hiberosque
1219 944 1368 998 44141114

157 1042 304 1101 exortum
326 1034 452 1100 Parthis
469 1055 592 1118 quoque
607 1055 645 1099 ac
662 1034 813 1099 Romanis
836 1035 1092 1117 gravissimorum
1114 1034 1198 1099 inter
1223 1015 1365 1137 mm,

157 1160 191 1205 se
219 1146 363 1204 motuum
392 1158 488 1203 cansa
514 1138 582 1202 fuit.
620 1138 709 1222 genti
734 1138 922 1202 Parthorum
945 1138 1116 1221 Vologeses
1141 1138 1197 1202 im·
1270 1159 1314 1199 aaa

158 1244 325 1328 peritabat,
353 1250 498 1307 materna
524 1242 645 1325 origine
673 1263 713 1306 ex
739 1242 864 1326 paelice
886 1242 1017 1327 Graeca,
1045 1262 1198 1309 concessu
1233 1223 1357 1270 armata

157 1347 291 1412 fratrum
320 1366 452 1429 regnum
479 1347 626 1431 adeptus,
655 1346 791 1411 Hiberos
818 1346 1049 1411 Pharasmanes
1070 1354 1198 1412 vetusta

158 1450 367 1534 possessione,
395 1451 562 1515 Armenios
591 1450 688 1514 frater
715 1451 783 1515 eins
812 1450 1011 1515 Mithridates
1034 1452 1198 1517 obtinebat

158 1555 270 1638 opibus
293 1554 414 1619 nostris.
438 1561 505 1618 erat
519 1554 730 1618 Pharasmani
745 1554 827 1619 filius
843 1554 970 1619 nomine
986 1554 1195 1638 Radamistus,

158 1659 274 1723 decora
301 1658 495 1743 proceritate,
523 1658 557 1723 vi
583 1658 720 1742 corporis
746 1658 880 1740 insignis
907 1665 938 1723 et
965 1658 1083 1743 patrias
1113 1666 1197 1725 artes

158 1763 298 1846 edoctus,
315 1764 461 1846 claraque
474 1762 558 1827 inter
572 1762 696 1828 accolas
712 1762 807 1826 fama.
831 1764 859 1827 is
874 1762 1032 1828 modicum
1047 1763 1197 1828 Hiberiae

157 1886 292 1950 regnum
316 1873 445 1930 senecta
466 1865 565 1949 patris
580 1866 714 1931 detineri
736 1865 871 1931 ferocius
886 1867 1088 1951 crebriusque
1102 1867 1196 1932 iacta-

157 1969 221 2052 bat,
252 1990 346 2052 quam
368 1977 403 2033 ut
426 1968 607 2053 cupidinem
630 1970 810 2034 occultaret.
848 1969 944 2052 igitur
966 1970 1197 2035 Pharasmanes

156 2075 305 2140 iuvenem
337 2073 498 2159 potentiae
528 2080 692 2158 promptae
727 2081 759 2137 et
788 2073 891 2139 studio
920 2073 1117 2158 popularium
1147 2094 1196 2137 ac-

156 2178 296 2243 cinctum
322 2177 526 2260 vergentibus
552 2177 616 2241 iam
648 2177 740 2242 annis
769 2177 833 2241 suis
856 2184 1008 2260 metuens,
1036 2177 1131 2241 aliam
1154 2176 1196 2240 ad

155 2303 247 2367 spem
262 2281 387 2346 trahere
402 2289 434 2346 et
447 2281 631 2345 Armeniam
647 2288 816 2364 ostentare,
833 2281 931 2364 pulsis
945 2280 1071 2344 Parthis
1087 2279 1195 2344 datam

154 2385 331 2450 Mithridati
353 2406 373 2449 a
395 2393 496 2450 semet
519 2385 738 2450 memorando:
764 2383 820 2449 sed
843 2385 908 2449 nim
931 2383 1141 2448 differendam
1164 2391 1195 2448 et

154 2490 309 2574 potiorem
336 2489 451 2573 dolum,
481 2509 542 2572 quo
569 2489 732 2552 incautum
759 2488 980 2573 opprimerent.
1018 2488 1063 2551 ita
1093 2488 1195 2552 Rada·

154 2594 267 2658 mistus
290 2592 438 2658 simulata
459 2593 611 2658 adversus
634 2599 756 2676 patrem
779 2591 937 2656 discordia
958 2599 1121 2675 tamquam
1143 2612 1195 2656 no-

153 2715 267 2761 vercae
290 2696 370 2761 odiis
395 2696 498 2780 impar
520 2696 623 2779 pergit
650 2695 691 2759 ad
714 2703 871 2779 patruum,
902 2696 1065 2779 multaque
1092 2695 1133 2759 ab
1157 2714 1194 2760 eo

153 2799 302 2865 comitate
324 2800 512 2884 inspeciem
531 2799 666 2864 liberum
682 2800 784 2863 cultus
806 2800 958 2883 primores
973 2800 1192 2865 Armeniorum

152 2904 194 2968 ad
218 2923 269 2968 res
285 2923 384 2968 novas
402 2903 511 2987 inlicit,
534 2903 647 2986 ignaro
664 2910 695 2967 et
709 2910 842 2967 omaute
857 2903 987 2988 insuper
1001 2902 1191 2968 Mithridate.

257 3008 309 3072 45.
348 3007 622 3072 Reconciliationis
644 3007 751 3090 specie
780 3007 948 3092 adsumpta
969 3028 1193 3091 regressusque
1273 3021 1303 3065 at

152 3112 194 3176 ad
210 3117 344 3197 patrem,
362 3131 442 3194 quae
457 3110 569 3176 fraude
586 3110 698 3175 confici
712 3111 879 3195 potuerint,
896 3118 1042 3195 prompta
1057 3112 1191 3193 nuntiat,
1215 3091 1363 3213 ζῗξῦξζξῆᾞξ

153 3224 259 3281 cetera
272 3216 369 3281 armis
381 3216 594 3299 exsequenda.
610 3215 738 3279 interim
750 3215 981 3280 Pharasmanes
992 3215 1068 3280 belli
1080 3235 1192 3280 causas
1211 3228 1368 3311 senesanna

152 3320 316 3404 confingit:
347 3319 514 3404 proelianti
542 3319 602 3384 sibi
628 3319 781 3384 adversus
807 3340 915 3402 regem
937 3319 1132 3384 Albanorum
1161 3326 1193 3385 et
1232 3299 1351 3352 'mmm‘

151 3426 310 3489 Romanos
344 3423 460 3488 auxilio
491 3423 617 3487 vocanti
646 3423 776 3487 fratrem
809 3423 1021 3506 adversatum,
1057 3443 1192 3506 eamque

150 3527 298 3592 iniuriam
321 3527 445 3593 excidio
467 3527 566 3612 ipsius
589 3527 690 3591 ultum
711 3529 844 3613 iturum,
873 3528 966 3593 simul
989 3547 1121 3610 magnas
1143 3546 1192 3591 oo·

150 3632 219 3717 pias
239 3632 303 3697 filio
323 3631 463 3696 tradidit.
487 3631 540 3695 ille
559 3630 737 3714 inruptione
758 3630 863 3696 subita
885 3632 1026 3696 territum
1050 3638 1190 3695 exutum·

151 3755 212 3820 que
240 3736 372 3819 campis
389 3734 594 3799 Mithridaten
622 3735 772 3819 compulit
799 3736 832 3799 in
856 3735 1020 3800 castellum
1048 3733 1190 3798 Gorneas

149 3845 251 3904 tutum
273 3840 341 3904 loco
364 3859 402 3903 ao
416 3837 572 3922 praesidio
595 3837 740 3919 militum,
764 3838 835 3919 quis
850 3838 974 3903 (laelius
988 3837 1086 3901 Pollio
1102 3855 1189 3919 prae·
