2984 4275
478 225 501 263 a.
517 209 549 264 U.
562 225 586 263 c.
599 213 658 267 815.
682 226 708 278 p.
722 209 785 264 Chr.
798 213 841 266 62.
1118 195 1180 260 109
1287 214 1289 217 ·

137 389 168 447 et
191 383 424 463 qualecumque
446 382 621 466 tribuisset;
645 402 683 447 ac
705 390 815 448 tamen
837 391 984 449 neutrum
1007 384 1089 449 datis
1107 406 1128 449 a
1146 405 1180 450 se

135 485 288 570 praemiis
309 487 406 550 exuit.
430 486 514 551 bello
537 492 569 551 et
591 486 739 570 perieulis
762 494 956 570 meruerant;
979 488 1013 552 in
1035 488 1073 552 iis
1095 489 1181 553 enim

136 589 270 655 iuventa
296 589 434 671 Augusti
460 596 588 654 versata
618 597 675 656 est.
715 610 774 655 nee
803 590 882 655 mibi
912 591 978 656 tela
1007 599 1039 656 et
1068 611 1181 656 manus

136 701 213 758 tuae
236 692 412 758 defuissent
433 692 466 755 in
488 693 584 757 armis
606 693 728 777 agenti;
752 694 809 758 sed
831 693 916 775 quod
939 714 1090 780 praesens
1110 714 1181 759 con-

137 797 221 862 dicio
241 797 404 882 poscebat,
427 797 550 861 ratione
565 797 697 863 consilio
711 798 891 883 praeceptis
906 799 1083 883 pueritiam,
1107 798 1181 862 dein

136 901 303 965 iuventam
325 920 430 966 meam
451 900 567 965 fovisti.
592 907 624 966 et
643 907 700 966 tua
715 902 844 982 quidem
864 921 941 985 erga
963 922 1015 966 me
1037 922 1180 984 munera,

138 1004 214 1068 dum
242 1004 309 1068 vita
339 1009 496 1089 suppetet,
527 1011 659 1069 aeterna
690 1012 795 1070 erunt:
830 1024 913 1086 quae
943 1026 963 1070 a
990 1026 1041 1070 me
1070 1005 1179 1089 babes,

138 1108 221 1173 horti
244 1113 276 1172 et
297 1107 412 1172 faenus
434 1115 466 1173 et
487 1108 592 1183 villae,
617 1108 744 1174 casibus
767 1109 906 1174 obnoxia
929 1115 1009 1175 sunt.
1048 1129 1086 1174 ac
1108 1109 1182 1175 licet

140 1213 241 1276 multa
257 1211 433 1296 videantur,
455 1211 598 1295 plerique
612 1211 860 1293 haudquaquam
875 1214 997 1278 artibus
1012 1213 1074 1278 tuis
1087 1233 1181 1298 pares

140 1315 234 1399 plura
263 1320 444 1379 tenuerunt.
489 1314 588 1398 pudet
617 1316 735 1380 referre
765 1315 938 1399 libertinos,
970 1317 1023 1397 qui
1053 1316 1181 1383 ditiores

140 1424 340 1504 spectantur:
361 1419 446 1483 unde
462 1419 559 1482 etiam
574 1419 682 1483 rubori
704 1418 783 1482 mibi
804 1426 862 1500 est,
885 1418 972 1501 quod
993 1421 1182 1504 praecipuus

139 1522 270 1586 caritate
293 1520 433 1585 nondum
455 1541 566 1586 omnes
587 1521 715 1586 fortuna
736 1522 908 1588 antecellis.

244 1624 297 1688 56.
321 1625 439 1689 Verum
463 1631 494 1689 et
515 1625 574 1691 tibi
594 1626 702 1691 valida
722 1631 811 1690 aetas
833 1626 991 1708 rebusque
1013 1633 1045 1691 et
1066 1626 1182 1691 fructui

138 1748 243 1794 rerum
267 1727 436 1813 sufficiens,
461 1734 493 1793 et
507 1748 565 1794 nos
579 1729 682 1813 prima
704 1729 829 1814 imperii
852 1731 955 1814 spatia
976 1730 1180 1814 ingredimur,

140 1832 201 1898 nisi
224 1832 305 1896 forte
327 1838 383 1896 aut
405 1838 437 1896 te
452 1832 579 1897 Vitellio
601 1838 650 1897 ter
672 1833 794 1897 consuli
815 1840 871 1897 aut
887 1853 938 1897 me
953 1832 1085 1898 Claudio
1100 1840 1182 1919 post-

139 1936 242 2020 ponis,
275 1940 307 1999 et
333 1942 487 2016 quantum
509 1936 639 2001 Volusio
669 1937 767 2018 longa
793 1936 987 2021 parsimonia
1014 1938 1180 2019 quaesivit,

140 2046 265 2104 tantum
287 2040 321 2104 in
344 2044 375 2104 te
398 2059 470 2104 mea
496 2040 669 2105 liberalitas
697 2041 827 2124 explere
855 2059 919 2104 non
942 2047 1055 2124 potest.
1095 2041 1181 2123 quin,

140 2146 166 2210 si
189 2167 253 2228 qua
275 2146 309 2210 in
331 2152 422 2229 parte
447 2144 604 2209 lubricum
626 2144 862 2211 adulescentiae
884 2151 1011 2210 nostrae
1034 2145 1181 2226 declinat,

141 2269 271 2314 revocas
293 2254 503 2330 ornatumque
526 2249 622 2313 robur
641 2247 782 2313 subsidio
803 2249 967 2332 inpensius
989 2249 1096 2330 regis?
1118 2269 1182 2313 non

142 2360 195 2418 tua
217 2352 402 2433 moderatio,
426 2352 453 2417 si
474 2350 650 2416 reddideris
672 2352 850 2436 pecuniam,
875 2370 934 2416 nee
950 2352 1048 2435 quies,
1072 2352 1099 2417 si
1113 2352 1182 2416 reli-

141 2458 245 2538 queris
275 2456 460 2540 principem,
495 2455 551 2519 sed
582 2474 653 2519 mea
682 2455 827 2539 avaritia,
862 2474 955 2520 meae
988 2455 1183 2520 crudelitatis

140 2566 242 2625 metus
269 2560 302 2623 in
325 2558 542 2634 oreomnium
565 2558 752 2623 versabitur.
790 2559 876 2640 quod
898 2560 925 2623 si
947 2558 1085 2624 maxime
1112 2578 1183 2623 con-

140 2664 275 2728 tinentia
297 2669 353 2726 tua
374 2660 529 2744 laudetur,
560 2682 624 2727 non
651 2667 759 2726 tamen
782 2662 917 2747 sapienti
939 2663 1006 2728 viro
1033 2662 1182 2727 decorum

139 2767 243 2851 fuerit,
275 2766 362 2830 unde
391 2766 492 2830 amico
522 2764 687 2830 infamiam
717 2771 818 2850 paret,
852 2765 929 2830 inde
959 2766 1091 2848 gloriam
1122 2766 1183 2830 sibi

139 2866 303 2957 recipere.²
332 2870 383 2934 bis
405 2869 503 2934 adicit
525 2870 725 2953 complexum
749 2876 781 2934 et
802 2869 919 2953 oscula,
943 2869 1047 2934 factus
1069 2875 1183 2934 natura

140 2981 171 3039 et
200 2973 428 3039 consuetudine
455 2972 612 3037 exercitus
634 2973 741 3037 velare
768 2973 876 3037 odium
902 2972 1069 3038 fallacibus
1095 2972 1182 3036 blan-

140 3077 233 3143 ditiis.
272 3076 404 3159 Seneca,
432 3077 487 3157 qui
508 3075 580 3140 finis
602 3076 744 3140 omniurn
767 3095 840 3140 oum
862 3075 1046 3141 dominante
1067 3095 1181 3141 sermo
1199 3082 1280 3128 saca
1297 3083 1353 3136 alut

139 3202 225 3265 num,
258 3186 364 3262 grates
393 3178 472 3263 agit3
509 3179 567 3245 sed
596 3179 741 3243 instituta
769 3179 879 3263 prioris
910 3180 1070 3263 potentiae
1100 3199 1180 3244 com·
1203 3152 1355 3275 mmai,

139 3290 252 3368 mutat,
276 3282 423 3368 prohibet
439 3289 547 3347 coetus
562 3282 778 3365 salutantium,
794 3283 873 3346 vitat
888 3282 1075 3366 comitantis,
1092 3300 1181 3346 rarus
1239 3289 1315 3345 rursu

138 3408 195 3471 per
208 3387 333 3469 urbem,
356 3387 447 3468 quasi
460 3386 643 3451 valetudine
663 3385 791 3451 infensa
809 3393 865 3450 aut
881 3386 1055 3470 sapientiae
1069 3384 1181 3449 studiis

138 3491 224 3557 domi
246 3491 451 3555 adtineretur.
1245 3497 1310 3549 uro

243 3594 296 3659 ot.
320 3594 469 3659 Perculso
484 3593 608 3659 Seneca
622 3600 802 3678 promptum
817 3592 878 3658 fuit
892 3592 1010 3657 Rufum
1026 3590 1178 3655 Faenium
1219 3565 1307 3679 &¹3⁰

20 3759 24 3780 ,
139 3698 317 3764 inminuere
328 3697 525 3782 Agrippinae
546 3696 718 3761 amicitiam
740 3697 774 3761 in
797 3716 834 3761 eo
858 3694 1105 3760 criminantibus.
1128 3712 1181 3757 va·
1215 3703 1339 3756 statuant

20 3785 24 3824 ²
141 3801 296 3883 lidiorque
318 3801 352 3864 in
375 3801 444 3865 dies
465 3800 641 3882 Tigellinus
664 3807 696 3865 et
719 3801 820 3864 malas
842 3806 937 3881 artes,
965 3798 1079 3879 quibus
1105 3796 1181 3861 solis
1234 3781 1321 3894 ,⁰422ss

141 3906 293 3989 pollebat,
317 3906 470 3987 gratiores
490 3911 586 3987 ratus,
610 3903 637 3968 si
658 3904 833 3988 principem
856 3902 1006 3966 societate
1028 3900 1182 3967 scelerum
1226 3910 1324 4026 mat
