2984 4275
477 156 655 211 suomi.
679 154 837 222 neuras.
1136 138 1177 201 73

135 329 183 409 rit,
209 347 310 409 eoque
333 335 476 411 oportere
500 328 600 393 dividi
623 349 728 393 sacros
753 339 784 393 et
805 330 985 411 negotiosos
1006 329 1082 414 dies,
1107 329 1178 410 quis

135 432 247 496 divina
270 434 408 498 colerent
431 441 463 497 et
484 434 625 498 humana
647 454 710 498 non
733 436 931 519 impedirent.

241 536 294 601 42.
318 537 423 601 Variis
439 537 554 602 deinde
570 539 697 603 casibus
720 539 855 603 iactatus
874 546 907 602 et
921 538 1088 602 multorum
1104 536 1178 602 odia
1226 523 1324 595 cornua

137 642 270 705 meritus
293 661 365 705 reus
386 641 474 705 haud
495 649 601 706 tamen
622 643 691 708 sine
706 643 827 707 invidia
842 643 981 707 Senecae
997 641 1175 706 damnatur.
1208 620 1343 734 ,ffim

136 745 164 809 is
191 744 251 808 fuit
275 746 311 810 P.
336 745 473 828 Suillius,
488 747 703 830 imperitante
730 747 860 811 Claudio
888 746 1035 811 terribilis
1061 766 1100 809 ac
1127 766 1177 810 ve·
1257 751 1293 794 “¹¹¹

136 849 221 913 nalis
243 856 276 913 et
290 850 465 915 mutatione
482 858 658 934 temporum
674 871 747 933 non,
770 857 923 934 quantum
945 850 1064 914 inimici
1087 869 1178 933 cupe-

136 959 216 1034 rent,
233 952 389 1018 demissus
406 955 522 1036 quique
542 975 576 1019 se
592 962 760 1019 nocentem
775 955 877 1019 videri
893 975 988 1038 quam
1003 955 1178 1038 supplicem

137 1057 255 1120 mallet.
294 1056 360 1121 eius
383 1058 581 1141 opprimendi
607 1059 710 1141 gratia
732 1059 902 1142 repetitum
925 1058 1112 1123 credebatur
1134 1077 1178 1121 se-

136 1168 232 1225 natus
259 1162 436 1226 consultum
462 1164 634 1249 poenaque:
656 1163 783 1228 Cinciae
810 1164 890 1246 legis
916 1163 1087 1227 adversum
1115 1182 1177 1246 eos,

138 1266 193 1348 qui
214 1266 315 1349 pretio
338 1285 452 1331 causas
474 1268 657 1332 oravissent.
682 1288 741 1332 nec
764 1267 892 1332 Suillius
916 1273 1028 1350 questu
1050 1273 1106 1330 aut
1128 1286 1179 1330 ex-

136 1370 340 1452 probratione
367 1370 558 1453 abstinebat,
586 1380 712 1455 praeter
735 1372 885 1436 ferociam
912 1372 1011 1435 animi
1037 1377 1179 1434 extrema

138 1480 268 1537 senecta
290 1474 369 1539 liber
384 1482 416 1538 et
431 1474 586 1540 Senecam
607 1477 777 1559 increpans
791 1475 949 1548 infensum
965 1475 1075 1539 amicis
1090 1475 1178 1539 Olau-

138 1577 192 1661 dii,
216 1580 274 1642 snb
292 1598 353 1660 quo
369 1579 571 1644 iustissimum
595 1581 725 1644 exilium
748 1581 934 1664 pertulisset.
958 1580 1051 1643 simul
1066 1578 1180 1644 studiis

137 1681 292 1747 inertibus
314 1689 347 1745 et
367 1682 518 1748 iuvenum
540 1683 706 1766 inperitiae
727 1691 851 1748 suetum
874 1685 971 1748 livere
994 1683 1040 1764 iis,
1066 1682 1120 1765 qui
1134 1684 1179 1747 vi·

138 1784 247 1849 vidam
271 1798 303 1849 et
324 1786 536 1870 incorruptam
560 1788 771 1870 eloquentiam
798 1788 925 1852 tuendis
947 1786 1070 1851 civibus
1093 1807 1178 1851 exer·

138 1894 256 1953 cerent.
281 1909 315 1954 se
332 1899 529 1973 quaestorem
552 1892 742 1974 Germanici,
765 1892 855 1954 illum
878 1890 990 1955 domus
1010 1891 1077 1954 eius
1092 1890 1178 1953 adul-

137 2001 241 2057 terum
264 1993 371 2058 fuisse,
406 2015 448 2058 an
470 1995 597 2077 gravius
620 1995 852 2060 aestimandum
877 2002 989 2077 sponte
1011 1994 1179 2075 litigatoris

138 2098 316 2181 praemium
348 2098 500 2164 honestae
530 2119 645 2184 operae
676 2099 819 2182 adsequi,
855 2118 948 2179 quam
979 2117 1178 2182 corrumpere

138 2203 284 2267 cubicula
313 2203 489 2287 principum
519 2204 729 2269 feminarum?
769 2224 833 2286 qua
862 2203 1027 2286 sapientia,
1063 2202 1178 2284 quibus

137 2307 395 2390 philosophorum
418 2308 595 2391 praeceptis
611 2309 693 2372 intra
709 2307 951 2388 quadriennium
973 2307 1080 2388 regiae
1103 2306 1178 2370 ami-

138 2411 231 2474 citiae
261 2418 309 2474 ter
334 2412 457 2476 miliens
487 2413 665 2476 sestertium
695 2411 893 2496 paravisset?
938 2412 1058 2475 Romae
1085 2417 1179 2474 testa-

138 2521 247 2578 menta
270 2521 303 2578 et
324 2516 417 2579 orbos
433 2516 520 2580 velut
542 2517 693 2599 indagine
717 2516 785 2580 eius
807 2516 888 2599 capi,
911 2516 1038 2579 Italiam
1061 2521 1092 2579 et
1111 2535 1178 2598 pro-

139 2618 261 2682 vincias
284 2618 427 2684 inmenso
447 2619 576 2684 faenore
598 2619 732 2684 hauriri:
757 2626 790 2683 at
805 2619 865 2683 sibi
879 2620 987 2684 labore
1003 2619 1179 2701 quaesitam

138 2729 169 2785 et
195 2722 355 2785 modicam
384 2723 552 2806 pecuniam
579 2743 657 2788 esse.
697 2724 824 2802 crimen,
856 2723 1040 2806 periculum,
1072 2723 1180 2787 omnia

138 2826 242 2907 potius
264 2827 479 2910 toleraturum,
504 2848 598 2910 quarn
613 2834 756 2893 veterem
771 2847 809 2891 ac
824 2826 910 2891 domi
932 2833 1056 2910 partam
1072 2827 1179 2909 digna-

138 2930 256 2993 tionem
280 2931 403 2995 subitac
426 2932 569 2996 felicitati
592 2933 801 2996 submitteret.
1335 3015 1337 3017 ‚

242 3034 295 3099 43.
319 3036 387 3100 Nec
410 3036 552 3120 deerant,
577 3038 631 3119 qui
653 3035 733 3100 haec
755 3036 857 3100 isdem
880 3035 987 3099 verbis
1009 3043 1065 3099 aut
1087 3055 1179 3100 versa
1249 3053 1303 3098 arta

138 3140 171 3202 in
193 3139 333 3204 deterius
355 3138 497 3204 Senecae
520 3140 688 3206 deferrent.
717 3139 893 3222 repertique
915 3145 1114 3204 accusatores
1136 3139 1179 3203 di·
1222 3124 1332 3237 suffiunt

138 3251 242 3329 reptos
265 3244 375 3327 socios,
399 3263 471 3307 cum
487 3243 617 3308 Suillius
640 3244 835 3326 provinciam
851 3242 961 3307 Asiam
984 3251 1116 3325 regeret,
1141 3264 1179 3307 ac
1219 3261 1331 3306 aestuant.

139 3349 284 3433 publicae
307 3348 461 3435 pecuniae
489 3348 669 3431 peculatum
697 3346 886 3410 detulerunt.
925 3367 1009 3428 mon,
1038 3348 1113 3429 quia
1135 3348 1179 3410 in-

138 3452 341 3535 quisitionem
356 3471 495 3514 annuam
515 3451 773 3535 impetraverant,
796 3451 924 3515 brevius
940 3450 1042 3514 visum
1057 3451 1181 3514 urbana

137 3556 271 3619 crimina
297 3554 405 3637 incipi,
435 3573 566 3637 quorum
590 3554 676 3619 obvii
703 3561 800 3618 testes
823 3562 922 3619 erant.
961 3553 985 3618 ii
1006 3554 1180 3618 acerbitate

137 3658 350 3724 accusationis
373 3656 411 3734 d.
434 3658 644 3741 Pomponium
670 3658 711 3721 ad
735 3658 956 3722 necessitatem
980 3656 1055 3731 belli
1078 3657 1179 3720 civilis

137 3764 310 3847 detrusum,
334 3761 449 3825 Iuliam
473 3763 567 3826 Drusi
589 3761 687 3825 filiam
702 3761 919 3842 Sabinamque
941 3761 1122 3843 Poppaeam
1137 3759 1180 3823 ad

137 3874 270 3932 mortem
286 3872 375 3930 actas
391 3873 423 3930 et
435 3867 597 3931 Valerium
609 3866 794 3948 Asiaticum,
816 3864 947 3929 Lusium
963 3863 1178 3944 Saturninum,
