2984 4275
489 166 513 204 a.
525 148 560 204 U.
572 164 596 204 c.
609 152 668 205 816.
694 166 720 218 p.
734 148 797 203 Chr.
810 152 851 205 63.
1128 132 1187 196 127

255 321 308 386 26.
342 322 385 387 At
412 322 548 388 Corbulo
576 329 689 405 quarta
719 328 751 387 et
778 321 976 388 duodecuma
1002 321 1188 405 legionibus,
1208 337 1282 389 arcta
1300 337 1365 391 usust

151 446 233 509 quae
256 426 426 492 fortissimo
441 446 566 509 quoque
588 428 705 492 amisso
721 433 755 492 et
770 428 882 491 ceteris
898 426 1056 491 exterritis
1077 445 1190 509 parum
1229 407 1344 522 ,ἐξω

151 529 274 595 habiles
295 530 413 614 proelio
436 530 636 615 videbantur,
668 530 701 595 in
724 530 850 596 Suriam
872 530 1043 612 translatis,
1066 537 1191 595 sextam
1266 547 1313 600 aar,

150 633 225 699 inde
247 654 285 699 ao
306 635 434 699 tertiam
456 634 607 718 legiones,
629 635 791 718 integrum
813 635 945 699 militem
967 642 1000 699 et
1022 633 1139 699 crebris
1153 653 1192 698 ac

26 800 27 803 ,
150 739 309 821 prosperis
337 738 499 804 laboribus
525 740 709 822 exercitum,
739 739 773 803 in
795 739 980 802 Armeniam
1006 737 1101 803 ducit.
1139 736 1192 804 ad·

26 888 27 899 t
152 842 295 925 diditque
317 843 476 925 legionen
498 843 652 927 quintam,
677 862 760 925 quae
781 863 839 927 per
860 844 997 908 Pontum
1018 863 1118 926 agens
1140 862 1192 907 ex-

26 934 27 951 *
151 966 224 1031 pers
254 945 352 1011 cladis
383 945 498 1028 fuerat,
532 946 625 1010 simul
659 946 963 1029 quintadecumanos
995 966 1106 1012 recens
1138 944 1191 1011 ad·

26 1064 27 1067 ’
151 1050 263 1115 ductos
296 1056 328 1115 et
360 1050 479 1115 vexilla
508 1050 703 1116 delectorum
734 1071 776 1115 ex
808 1051 935 1134 illyrico
973 1057 1005 1116 et
1034 1051 1191 1136 Aegypto,

153 1153 302 1237 quodque
319 1154 441 1218 alarum
457 1154 703 1237 cohortiumque,
728 1160 761 1219 et
775 1155 895 1220 auxilia
908 1175 1020 1238 regum
1040 1156 1074 1221 in
1093 1176 1193 1222 unum

151 1258 309 1323 conducta
330 1258 419 1342 apud
440 1257 620 1341 Melitenen,
652 1279 716 1341 qua
738 1260 911 1325 tramittere
934 1260 1117 1343 Euphraten
1140 1281 1192 1345 pa-

151 1363 252 1427 rabat.
281 1369 349 1426 tum
372 1361 539 1427 lustratum
561 1364 621 1428 rite
643 1363 816 1428 exercitum
838 1361 880 1427 ad
902 1364 1078 1429 contionem
1101 1372 1193 1430 vocat

152 1466 334 1548 orditurque
357 1465 526 1549 magnifica
548 1466 588 1531 de
611 1467 760 1551 auspiciis
781 1468 979 1551 imperatoris
1000 1469 1193 1550 rebusquea

26 1590 27 1647 l
152 1592 186 1636 se
216 1570 322 1653 gestis,
353 1569 488 1635 adversa
516 1571 550 1635 in
578 1571 736 1637 inscitiam
764 1573 855 1637 Paeti
884 1572 1057 1655 declinans,
1093 1573 1192 1638 multa

150 1675 348 1757 auctoritate,
374 1693 455 1755 quae
477 1675 545 1739 viro
568 1676 694 1740 militari
716 1697 773 1760 pro
795 1676 945 1742 facundia
967 1684 1043 1742 erat.

257 1777 309 1843 27.
354 1775 429 1843 Mox
461 1780 522 1844 iter
554 1780 589 1844 L.
620 1780 753 1845 Lucullo
787 1781 947 1864 quondam
980 1787 1189 1866 penetratum,
1235 1792 1344 1847 multost

152 1883 280 1968 apertis,
309 1901 391 1964 quae
417 1889 557 1948 vetustas
586 1885 799 1972 obsaepserat,
822 1887 933 1968 pergit.
969 1891 1001 1950 et
1028 1886 1191 1951 venientes
1209 1862 1366 1985 ’Jffffi‘ss

151 1987 301 2052 'llridatis
323 1987 550 2069 Vologesisque
579 1988 619 2053 de
642 2008 721 2073 pace
743 1989 865 2072 legatos
887 1989 973 2054 haud
995 1996 1189 2073 aspernatus,
1221 1998 1311 2054 sistat
1324 1960 1365 2045 tit*

151 2090 298 2175 adiungit
326 2090 365 2156 iis
395 2092 594 2159 centuriones
628 2112 700 2158 oum
731 2091 889 2159 mandatis
918 2113 983 2158 non
1012 2093 1189 2159 inmitibus:
1215 2067 1360 2193 Vm?

79 2206 80 2212 ’
153 2216 213 2261 nec
236 2196 322 2260 enim
344 2195 449 2261 adhuc
471 2216 508 2261 eo
531 2203 670 2281 ventum,
698 2203 733 2262 ut
756 2199 929 2262 certamine
951 2205 1092 2263 extremo
1113 2218 1192 2282 opus

153 2305 246 2365 esset.
271 2299 371 2364 multa
385 2300 536 2366 Romanis
551 2299 701 2384 secunda,
726 2300 884 2384 quaedam
899 2302 1023 2366 Parthis
1039 2302 1191 2384 evenisse,

154 2403 346 2469 documento
368 2403 519 2469 adversus
542 2404 732 2488 superbiam.
761 2405 892 2489 proinde
915 2411 947 2471 et
968 2406 1100 2471 Tiridati
1122 2424 1193 2470 con-

154 2507 271 2573 ducere
292 2509 448 2572 intactum
471 2509 698 2574 vastationibus
720 2529 853 2591 regnum
876 2510 958 2575 dono
980 2510 1132 2594 accipere,
1160 2517 1193 2575 et

156 2611 333 2695 Vologesen
356 2612 470 2677 melius
492 2612 643 2678 societate
658 2613 804 2680 Romana
818 2633 915 2695 quam
930 2613 1055 2679 damnis
1077 2615 1192 2679 mutuis

153 2715 243 2798 genti
264 2715 453 2781 Parthorum
475 2717 701 2781 consulturum.
736 2717 826 2800 scire,
850 2726 1004 2799 quantum
1025 2717 1110 2784 intus
1133 2719 1193 2783 dis·

153 2819 331 2884 cordiarum
362 2839 521 2902 quamque
550 2819 720 2886 indomitas
754 2829 786 2886 et
816 2821 1013 2905 praeferoces
1046 2823 1192 2888 nationes

153 2930 298 3006 regeret:
330 2931 439 2989 contra
464 2924 644 3008 imperatori
673 2944 729 2991 suo
755 2926 907 2991 inmotam
938 2926 1055 3008 ubique
1081 2946 1191 3010 pacem

154 3034 186 3092 et
207 3047 307 3092 unum
329 3027 363 3091 id
384 3028 504 3093 bellum
519 3047 596 3093 esse.
621 3029 713 3093 simul
736 3030 865 3094 consilio
888 3036 1037 3096 terrorem
1057 3030 1190 3115 adicere,

153 3136 184 3196 et
211 3132 406 3214 megistanas
428 3131 603 3215 Armenios,
635 3133 689 3214 qui
715 3134 808 3217 primi
837 3134 970 3199 anobis
997 3133 1191 3217 defecerant,

152 3236 241 3318 pellit
264 3235 401 3318 sedibus,
426 3236 555 3300 castella
575 3255 682 3301 eorum
698 3236 864 3319 exscindit,
887 3237 983 3321 plana
1005 3237 1101 3322 edita,
1118 3238 1192 3303 vali·

154 3337 211 3403 dos
231 3339 451 3420 invalidosque
473 3341 541 3424 pari
564 3346 651 3404 metu
673 3342 818 3424 complet.

258 3442 310 3507 28.
333 3443 406 3507 Non
427 3443 586 3509 infensum
609 3463 667 3509 neo
689 3463 762 3509 cum
784 3445 891 3510 hostili
912 3444 983 3510 odio
1005 3444 1190 3511 Corbulonis
1262 3453 1307 3496 πθ

153 3566 269 3611 nomen
297 3547 394 3611 etiam
420 3547 562 3612 barbaris
587 3548 774 3632 habebatur,
806 3569 906 3631 ecque
933 3547 1096 3612 consilium
1123 3550 1190 3614 eius
1225 3521 1347 3633 ”wa

153 3648 254 3715 fidum
269 3650 451 3716 credebant.
474 3670 549 3733 ergo
561 3650 733 3734 Vologeses
749 3672 851 3735 neque
867 3659 958 3717 atrox
972 3651 1006 3715 in
1022 3671 1188 3736 summam,
1229 3656 1342 3701 wilti&

154 3760 185 3818 et
200 3753 393 3850 quibusdam
407 3753 614 3838 praefecturis
635 3756 775 3821 indutias
797 3757 890 3839 petit:
914 3755 1071 3819 Tiridates
1086 3756 1189 3820 locum
1217 3725 1355 3846 3„,',¹,f¹,{,„‚

153 3855 302 3939 diemque
325 3856 488 3938 conloquio
511 3858 619 3940 poscit.
647 3864 770 3942 tempus
793 3859 1012 3942 propinquum,
1036 3858 1133 3940 locus,
1155 3860 1188 3922 in
1253 3863 1319 3914 ‘wib
