2984 4275
285 155 348 221 124
514 172 560 229 Ab
579 188 695 229 excessu
711 174 745 228 D.
759 174 886 244 Augusti
904 175 960 231 XV
977 178 1090 232 20-23.

147 351 228 416 bold
386 348 437 414 20.
460 348 556 413 Exim
571 348 720 414 Claudius
735 348 922 415 Timarchus
937 349 1097 414 Cretensis
1115 369 1188 415 reus
1207 350 1322 433 agitur,

108 431 265 554 'ww
283 452 396 518 ceteris
417 452 610 536 criminibus,
640 460 676 518 ut
697 454 801 518 solent
829 454 1004 537 praevalidi
1026 453 1266 538 provincialium
1289 461 1323 519 et

140 569 235 624 tristes
283 555 394 641 opibus
420 557 525 621 nimiis
551 556 593 621 ad
620 556 750 622 iniurias
777 558 934 623 minorum
960 558 1050 623 elati:
1080 578 1146 624 una
1168 578 1230 625 vox
1254 560 1324 624 eius

118 635 257 753 Ἡῗζὲξζξ
282 679 382 742 usque
404 661 446 726 ad
468 661 689 727 contumeliam
712 669 842 727 senatus
863 668 1096 746 penetraverat,
1127 662 1213 744 quod
1235 662 1324 728 dicti·

123 782 168 823 rnc
181 778 249 824 naar·
283 772 382 831 tasset
413 765 447 829 in
480 785 538 830 sna
569 771 726 851 potestate
760 767 868 846 situm,
907 787 949 831 an
983 766 1230 851 proconsulibus,
1268 767 1323 848 qui

115 846 257 962 '‘mffw
282 869 410 934 Cretam
431 868 650 954 obtinuissent,
674 876 780 952 grates
801 877 978 952 agerentur.
1007 890 1101 952 quam
1124 872 1323 936 occasionem

112 985 265 1040 uolucrum
283 974 398 1038 Paetus
419 972 560 1038 Thrasea
587 974 629 1039 ad
656 972 774 1038 bonum
802 973 964 1057 publicum
985 980 1123 1056 vertens,
1154 981 1323 1059 postquam

117 1055 256 1180 5„“,¹J,=}{„,
283 1076 323 1142 de
344 1098 399 1142 reo
421 1083 589 1143 censuerat
610 1077 772 1161 provincia
794 1077 888 1143 Creta
909 1077 1142 1162 depellendum,
1166 1078 1246 1143 haec
1268 1076 1324 1142 ad-

283 1182 375 1246 didit:
398 1174 470 1246 ‘usn
484 1183 650 1266 probatum
665 1188 723 1265 est,
739 1188 847 1265 patres
861 1181 1039 1266 conscripti,
1062 1183 1150 1264 leges
1166 1182 1322 1266 egregias,

282 1286 428 1370 exempla
455 1285 587 1350 honesta
613 1285 699 1370 apud
725 1287 826 1352 bonos
853 1306 894 1351 ex
917 1286 1040 1351 delictis
1066 1286 1200 1351 aliorum
1222 1287 1321 1370 gigni.

282 1390 326 1455 sic
349 1395 505 1455 oratorum
529 1389 658 1455 licentia
680 1389 821 1456 Cinciam
843 1392 1051 1475 rogationem,
1082 1390 1323 1456 candidatorum

281 1494 418 1561 ambitus
447 1493 544 1559 Iulias
577 1494 675 1579 leges,
712 1495 953 1578 magistratuum
986 1496 1119 1560 avaritia
1152 1494 1324 1579 Calpurnia

281 1599 360 1664 scita
381 1605 582 1683 pepererunt,
606 1618 681 1663 nam
704 1600 799 1683 culpa
820 1618 916 1680 quam
937 1618 1042 1684 poena
1065 1606 1206 1684 tempore
1228 1600 1321 1684 prior,

280 1701 443 1767 emendari
478 1721 574 1784 qnam
607 1722 738 1788 peccare
773 1703 926 1786 posterius
960 1710 1016 1768 est.
1062 1723 1137 1786 ergo
1171 1702 1323 1768 adversus

280 1825 397 1871 novam
419 1806 658 1890 provincialium
686 1807 868 1892 superbiam
891 1807 1024 1890 dignum
1046 1806 1110 1872 fide
1133 1807 1323 1873 constantia·

281 1930 343 1993 que
369 1911 514 1975 Romana
540 1911 701 1996 capiamus
729 1912 902 1993 consilium,
933 1931 995 1993 quo
1021 1911 1141 1976 tutelae
1167 1911 1323 1977 sociorum

280 2013 358 2079 nihil
392 2014 568 2099 derogetur,
603 2015 694 2080 nobis
727 2015 833 2099 opinio
867 2015 1015 2101 decedat,
1050 2014 1153 2097 qualis
1187 2015 1322 2097 quisque

280 2118 445 2201 habeatur,
468 2118 544 2184 alibi
566 2139 662 2201 quam
683 2119 717 2184 in
741 2119 857 2185 civium
879 2119 994 2185 iudicio
1017 2140 1096 2186 esse.

385 2223 436 2289 21.
473 2222 557 2289 Olim
586 2224 715 2306 quidem
746 2245 812 2289 non
839 2224 933 2289 modo
962 2230 1089 2309 praetor
1116 2231 1173 2289 ant
1200 2224 1322 2307 consul,

280 2327 337 2393 sed
359 2328 474 2412 privati
492 2328 588 2392 etiam
604 2329 820 2411 mittebantur,
844 2329 899 2411 qui
920 2328 1099 2413 provincias
1113 2329 1263 2411 viserent,
1290 2334 1323 2392 et

281 2431 356 2514 quid
384 2431 424 2495 de
450 2432 600 2513 cuiusque
623 2432 774 2514 obsequio
797 2432 967 2515 videretur,
995 2432 1159 2514 referrent,
1189 2431 1325 2516 trepida-

280 2537 423 2616 bantque
451 2544 563 2616 gentes
597 2537 637 2601 de
670 2536 890 2602 aestimatione
923 2537 1127 2620 singulorum.
1172 2542 1205 2600 at
1238 2555 1325 2600 nune

281 2640 412 2705 colimus
439 2646 584 2705 externos
612 2646 644 2705 et
671 2640 848 2724 adulamur,
877 2647 909 2706 et
935 2661 998 2723 quo
1026 2640 1119 2706 modo
1146 2638 1325 2705 adnutum

281 2745 412 2809 alicuius
438 2749 553 2826 grates,
584 2745 629 2808 ita
656 2745 829 2828 promptius
856 2745 1015 2810 accusatio
1043 2744 1232 2809 decernitur.
1270 2741 1324 2807 de-

283 2854 500 2931 cernaturque,
516 2855 549 2913 et
565 2854 693 2913 maneat
708 2848 956 2932 provincialibus
975 2849 1025 2914 ius
1040 2848 1216 2933 potentiam
1232 2865 1324 2912 suam

281 2952 338 3017 tali
362 2951 455 3018 modo
477 2952 672 3018 ostentandi:
695 2953 753 3017 sed
775 2953 844 3017 laus
859 2952 942 3018 falsa
958 2959 990 3018 et
1009 2952 1155 3037 precibus
1171 2971 1325 3036 expressa

282 3055 414 3140 perinde
437 3055 620 3122 cohibeatur
638 3075 733 3138 quam
758 3057 885 3140 malitia,
910 3075 1006 3138 quam
1029 3056 1208 3121 crudelitas.
1232 3056 1324 3139 plura

283 3180 378 3245 saepe
400 3166 581 3245 peccantur,
605 3160 682 3226 dum
704 3159 901 3226 demeremur
917 3181 1013 3243 quam
1032 3160 1109 3225 dum
1124 3160 1323 3226 offendimus,

283 3262 442 3347 quaedam
470 3265 567 3329 immo
596 3263 728 3330 virtutes
757 3264 829 3328 odio
859 3270 941 3349 sunt,
972 3264 1125 3330 severitas
1154 3264 1322 3348 obstinata,

282 3368 418 3435 invictus
452 3368 620 3434 adversum
653 3368 791 3452 gratiam
823 3369 957 3434 animus,
994 3369 1071 3434 inde
1104 3367 1196 3433 initia
1226 3369 1322 3451 magi-

283 3479 438 3538 stratuum
460 3480 637 3538 nostrornm
659 3472 791 3537 meliora
813 3472 912 3537 ferme
935 3479 968 3537 et
987 3472 1059 3538 finis
1080 3472 1222 3556 inclinat,
1246 3471 1324 3536 dnm

282 3577 316 3639 in
338 3575 467 3640 modum
490 3576 730 3641 candidatorum
753 3575 906 3659 suffragia
932 3576 1160 3659 conquirimus:
1192 3595 1274 3658 quae
1297 3577 1324 3640 si

283 3686 460 3763 arceantur,
490 3678 688 3760 aequabilius
717 3686 814 3762 atque
844 3681 1038 3745 constantius
1067 3681 1248 3764 provinciae
1278 3698 1323 3744 re·

284 3787 407 3864 gentur.
431 3802 507 3845 nam
526 3789 561 3847 ut
575 3788 662 3847 metu
684 3782 932 3866 repetundarum
955 3783 1090 3849 infracta
1113 3783 1249 3848 avaritia
1265 3788 1321 3865 est,

283 3885 329 3949 ita
351 3885 451 3949 vetita
472 3885 645 3968 gradarum
667 3885 791 3950 actione
812 3886 944 3952 ambitio
967 3882 1184 3953 cohibebitur.'
