2984 4275
430 219 454 257 a.
467 203 500 258 U.
513 218 537 257 c.
550 203 656 270 818l19.
679 220 706 272 p.
720 202 782 258 Chr.
796 206 866 272 osso.
1110 187 1169 253 157

129 398 272 442 mensem
295 377 523 461 transmissum,
547 377 622 459 quia
644 375 706 442 duo
729 378 793 441 iam
813 378 967 459 Torquati
988 378 1028 443 ob
1052 380 1172 443 scelera

128 481 288 547 interfecti
309 481 482 546 infaustum
505 502 621 547 nomen
643 482 770 546 Iunium
793 481 953 548 fecissent.

237 586 286 649 13.
321 586 382 649 Tot
405 585 598 650 facinoribus
619 586 749 651 foedum
772 607 892 651 annum
920 587 1015 650 etiam
1038 586 1072 650 di
1093 593 1171 651 tem·
1205 583 1332 630 sturmen

128 690 306 774 pestatibus
328 696 360 753 et
382 690 498 754 morbis
520 689 721 773 insignivere.
760 698 888 755 vastata
910 689 1084 774 Campania
1110 699 1170 755 tur·
1195 655 1339 776 oswen,

129 796 204 860 bine
227 800 404 875 ventorum,
434 794 488 874 qui
510 795 603 858 villas
625 796 754 859 arbusta
777 796 885 877 fruges
907 796 1024 878 passim
1049 795 1171 859 disiecit
1216 794 1240 839 ¹¹¹
1253 794 1319 839 orna.

129 899 321 983 pertulitque
336 898 518 962 violentiam
541 897 584 961 ad
599 899 703 962 vicina
725 899 812 981 urbi3
837 899 870 962 in
893 918 956 979 qua
978 918 1071 963 omne
1094 920 1172 963 mor-

130 1003 241 1068 talium
264 1021 366 1084 genus
388 1002 437 1065 vis
459 1002 661 1084 pestilentiae
689 1001 950 1086 depopulabatur,
982 1003 1070 1067 nulla
1093 1003 1172 1067 caeli

128 1105 326 1189 intemperie,
351 1124 432 1185 quae
451 1111 628 1170 occurreret
643 1106 750 1170 oculis.
775 1106 832 1170 sed
854 1106 967 1171 domus
991 1106 1172 1190 corporibus

130 1211 298 1290 exanimis,
322 1209 436 1274 itinera
453 1210 617 1276 funeribus
633 1210 885 1293 complebantur;
910 1231 972 1274 non
988 1230 1091 1293 sexus,
1109 1231 1172 1274 non

129 1323 219 1379 aetas
243 1313 383 1397 periculo
398 1334 517 1394 vacua3
542 1314 671 1378 servitia
693 1314 825 1397 perinde
849 1322 881 1378 et
902 1314 1042 1396 ingenua
1063 1315 1173 1398 plebes

129 1419 245 1502 raptim
276 1418 429 1500 extingui,
461 1418 543 1482 inter
569 1418 737 1501 coniugum
768 1425 800 1482 et
826 1418 995 1483 liberorum
1023 1419 1172 1502 lamenta,

131 1524 196 1604 qui,
220 1523 296 1587 dum
320 1522 478 1606 adsident,
502 1522 579 1585 dum
602 1522 728 1606 deflent,
757 1544 853 1606 saepe
876 1523 989 1588 eodem
1010 1544 1087 1606 rogo
1110 1543 1173 1587 cre-

131 1628 308 1692 mabantur.
334 1627 475 1707 equitum
498 1633 741 1708 senatorumque
764 1627 920 1711 interitus,
946 1627 1090 1709 quamvis
1106 1647 1172 1710 pro·

132 1731 231 1813 misci,
256 1732 360 1796 minus
374 1730 498 1796 flebiles
514 1738 612 1815 erant,
629 1737 792 1813 tamquam
809 1733 967 1797 communi
982 1732 1172 1797 mortalitate

132 1836 298 1902 saevitiam
321 1836 471 1919 principis
492 1837 725 1920 praevenirent.

236 1939 357 2003 Eodem
391 1955 476 2004 anno
511 1940 644 2006 dilectus
677 1961 734 2024 per
764 1939 900 2004 Galliam
931 1939 1171 2004 Narbonensem
1191 1933 1332 2048 filgffllssfl

132 2044 336 2124 aeneamque
360 2051 391 2107 et
413 2044 523 2108 Asiam
551 2044 653 2109 uasta
679 2051 753 2108 sunt
781 2043 966 2128 suppanos
989 2044 1108 2126 ruyro
1130 2045 1171 2107 n-
1190 2014 1346 2125 ..bobii

132 2147 289 2230 gionibus,
323 2168 364 2212 ex
394 2148 508 2229 quibus
538 2155 641 2212 aetate
672 2155 727 2212 aut
753 2148 937 2213 valetudine
966 2148 1042 2212 fessi
1071 2140 1346 2257 sacra-²¹²¹1‘igstillum

132 2260 240 2316 mento
271 2252 483 2317 solvebantur.
523 2253 646 2317 cladem
677 2252 925 2336 Lugdunensem
959 2251 1172 2333 quadragiens
1210 2223 1329 2333 1113111

132 2356 276 2421 sestertio
311 2356 429 2420 solatus
460 2363 508 2421 est
539 2358 695 2440 princeps,
727 2364 762 2420 ut
793 2357 912 2421 amissa
939 2357 1009 2421 urbi
1043 2376 1172 2439 repone·
1202 2420 1232 2464 aa
1248 2356 1329 2464 Qum

132 2468 215 2545 rent;
241 2481 337 2542 quam
353 2462 521 2544 pecuniam
544 2461 775 2543 Lugdunenses
798 2467 874 2525 ante
890 2461 1070 2525 obtulerant
1085 2460 1172 2524 urbis
1233 2430 1245 2472 Β
1331 2449 1337 2464 ’

133 2565 272 2629 casibus.
292 2623 295 2628 ,

239 2772 289 2836 14,
313 2772 346 2837 O.
362 2772 512 2837 Suetonio
529 2773 644 2837 Luccio
659 2773 808 2838 Telesino
824 2774 1004 2837 consulibus
1016 2773 1173 2838 Antistius
1217 2766 1326 2888 &wll

133 2875 291 2960 Sosianus,
308 2876 458 2941 factitatis
472 2878 505 2941 in
518 2879 678 2942 Neronem
691 2878 882 2942 carminibus
893 2878 1051 2961 probrosis
1067 2878 1170 2959 exilio,
1197 2907 1237 2950 a„
1249 2905 1341 2951 aaran

133 2987 166 3043 ut
182 2980 258 3060 dixi,
283 2981 445 3072 multatus,
469 2989 636 3064 postquam
659 2982 691 3045 id
714 2982 842 3046 honoris
864 2982 1021 3046 indicibus
1044 2988 1172 3063 tamque
1189 2976 1233 3019 ”²¹³
1246 2975 1347 3088 {W

132 3091 312 3166 promptum
340 3084 382 3147 ad
408 3085 523 3149 caedes
550 3085 725 3168 principem
752 3086 884 3169 accepit,
914 3086 1039 3166 inquies
1066 3088 1173 3151 animo
1195 3113 1261 3158 aaa
1276 3075 1342 3158 {asan

133 3194 164 3250 et
194 3188 394 3253 occasionum
425 3188 511 3253 haud
542 3189 648 3271 segnis
682 3191 903 3271 Pammenem,
939 3190 1080 3254 ciusdem
1113 3192 1174 3256 loci
1197 3182 1330 3303 eamn

133 3292 259 3356 exulem
287 3299 319 3357 et
341 3292 572 3357 Chaldaeorum
600 3299 668 3357 arte
695 3293 852 3357 famosum
880 3313 980 3375 eoque
1003 3295 1174 3358 multorum
1332 3282 1339 3295 ⁰

132 3396 279 3460 amicitiis
308 3397 475 3480 innexum,
511 3397 716 3461 similitudine
750 3397 897 3462 fortunae
928 3398 988 3462 sibi
1018 3399 1172 3463 conciliat.

131 3500 290 3564 ventitare
317 3501 359 3563 ad
387 3521 458 3564 eum
487 3502 613 3565 nuntios
640 3507 672 3565 et
700 3503 949 3566 consultationes
972 3522 1035 3565 non
1058 3502 1174 3566 frustra

131 3612 228 3685 ratus,
262 3604 354 3668 simul
384 3625 523 3669 annuam
554 3606 721 3689 pecuniam
752 3627 772 3670 a
802 3607 836 3671 P.
858 3607 971 3671 Anteio
1003 3606 1174 3670 ministrari

132 3707 303 3788 cognoscit.
325 3728 429 3789 neque
445 3708 586 3772 nescium
603 3708 744 3774 habebat
757 3709 907 3774 Anteium
924 3710 1173 3792 caritateAgrip-

130 3811 226 3893 pinae
248 3811 387 3877 invisum
403 3812 523 3876 Neroni
544 3831 682 3895 opesque
698 3814 765 3878 eius
789 3814 976 3897 praecipuas
991 3812 1032 3876 ad
1049 3813 1173 3877 elicien-

132 3915 206 3979 dam
227 3915 418 3999 cupidinem,
443 3935 577 3996 eamque
599 3936 727 3981 causam
742 3918 849 3981 multis
866 3917 960 3980 exitio
976 3936 1054 3982 esse.
1077 3917 1174 3999 igitur
