2984 4275
305 164 367 228 142
533 181 582 236 Ab
601 198 718 237 excessu
735 183 770 237 D.
782 178 908 253 Augusti
926 184 981 239 XV
999 188 1111 275 56-59.

62 357 81 393 ⁸
161 370 258 423 nossem
406 354 458 420 56.
493 357 577 440 Ergo
599 357 717 423 accitur
738 358 873 442 Natalis,
904 366 936 423 et
958 360 1075 424 diversi
1100 361 1342 445 interrogantur,

164 439 254 554 ,ffissffi
303 459 448 541 quisnam
470 461 498 525 is
512 480 625 544 sermo,
649 480 713 542 qua
735 461 776 526 de
795 481 829 527 re
845 462 964 528 fuisset.
987 471 1056 531 tum
1073 472 1182 529 exorta
1197 467 1342 549 suspicio,

148 578 267 633 soora,
302 563 376 645 quia
398 583 462 627 non
484 566 692 648 congruentia
713 565 951 650 responderant,
974 566 1137 649 inditaque
1159 569 1273 635 vincla.
1311 578 1367 635 etv

141 649 279 772 &mm
302 673 526 732 tormentorum
550 673 713 752 arpentum
736 689 774 734 ae
790 670 893 734 minas
915 690 979 735 non
993 672 1111 737 tulere:
1135 673 1219 756 prior
1232 681 1343 738 tamen

165 788 249 842 abac,
301 770 435 854 Natalia,
451 772 546 836 totius
561 773 801 857 conspirationis
817 774 919 857 magis
933 795 1061 857 gnarus,
1079 776 1172 841 simul
1187 777 1345 860 arguendi

157 857 259 981 {mmm
303 874 437 958 peritior,
472 873 513 939 de
543 875 657 941 Pisone
688 877 824 961 primum
854 877 978 960 fatetur,
1016 878 1132 944 deinde
1161 880 1259 945 adicit
1280 882 1344 946 An-

144 997 271 1050 aracaeum.
300 998 419 1045 nasum
434 977 598 1062 Senecam,
623 981 690 1045 sive
711 981 921 1047 internuntius
942 983 1024 1047 inter
1039 1003 1112 1048 eum
1132 985 1344 1066 Pisonemque

302 1081 370 1163 fuit,
403 1084 470 1147 sive
492 1090 527 1147 ut
549 1083 685 1149 Neronis
711 1085 847 1166 gratiam
874 1093 1011 1170 pararet,
1043 1087 1097 1168 qui
1123 1086 1267 1154 infensus
1290 1086 1345 1152 Se·

302 1210 400 1255 necae
428 1209 537 1254 omnes
563 1189 605 1254 ad
633 1210 706 1254 eum
737 1191 981 1274 opprimendum
1010 1199 1095 1256 artes
1125 1191 1342 1273 conquirebat.

300 1299 369 1358 tum
396 1294 522 1376 cognito
552 1293 676 1358 Natalis
704 1293 820 1359 indicio
851 1294 1024 1360 Scaevinus
1052 1313 1177 1377 quoque
1208 1297 1277 1378 pari
1297 1297 1345 1360 in·

301 1397 481 1480 bccillitate,
513 1417 555 1461 an
581 1403 697 1463 cuneta
722 1399 788 1463 iam
814 1397 974 1483 patefacta
1000 1399 1133 1464 credens
1160 1419 1219 1464 nec
1242 1400 1342 1464 ullum

301 1500 417 1565 silentii
439 1500 696 1585 emolumentum,
720 1501 818 1566 edidit
841 1508 971 1567 ceteros.
996 1522 1035 1567 ex
1058 1503 1172 1584 quibus
1194 1502 1346 1569 Lucanus

302 1602 555 1686 Quintianusque
585 1612 617 1669 et
647 1604 780 1670 Senecio
814 1605 869 1671 diu
898 1607 1054 1671 abnuere:
1089 1612 1160 1690 post
1189 1607 1345 1689 promissa

301 1708 478 1791 inpunitate
500 1709 646 1793 corrupti,
675 1730 737 1791 quo
760 1709 942 1785 tarditatem
965 1717 1164 1791 excusarent,
1194 1709 1344 1775 Lucanus

301 1811 437 1876 Aciliam
464 1819 597 1876 matrem
619 1833 720 1894 suam,
753 1812 943 1889 Quintianus
966 1813 1097 1878 Glitium
1120 1812 1258 1896 Gallum,
1290 1814 1344 1879 Se-

301 1916 391 1980 necio
420 1914 561 1980 Annium
591 1915 777 1998 Pollionem,
812 1917 985 1982 amicorum
1015 1916 1211 2000 praecipuos,
1245 1919 1343 1982 nomi-

301 2038 429 2085 novere.

153 2137 263 2192 coruos
405 2122 458 2189 57.
485 2123 591 2207 Atque
612 2123 739 2189 interim
763 2124 848 2189 Nero
870 2123 1053 2189 recordatus
1077 2124 1197 2191 Volusii
1218 2124 1343 2190 Proculi

94 2248 95 2251 ¹
132 2207 283 2332 „nffgfm
300 2227 416 2292 indicio
443 2228 614 2311 Epicharin
641 2228 767 2293 attineri
794 2235 942 2309 ratusque
973 2228 1125 2293 muliebre
1152 2246 1266 2312 corpus
1295 2229 1341 2292 in-

144 2347 271 2427 uersuum
300 2343 367 2415 par
380 2331 481 2396 dolori
502 2333 666 2397 tormentis
689 2330 854 2397 dilacerari
883 2332 980 2397 iubet.
1018 2339 1051 2396 at
1072 2332 1160 2396 illam
1177 2337 1251 2396 ‘non
1273 2352 1341 2396 ver-

138 2415 275 2469 ⁹‘³'“¹¹”‘¹¹⁰·
301 2437 387 2521 bera,
417 2457 482 2502 non
508 2437 609 2519 ignes,
640 2457 703 2501 non
729 2437 777 2500 ira
804 2456 841 2500 eo
869 2436 970 2501 acuns
997 2421 1221 2518 torquentium,
1253 2455 1294 2499 ne
1321 2454 1341 2499 a

301 2540 422 2606 femina
443 2546 675 2624 spernerentur,
705 2540 877 2624 pervicere,
908 2539 984 2621 quin
1007 2538 1130 2603 obiecta
1157 2537 1339 2620 denegaret.

301 2645 345 2709 sic
368 2645 487 2728 primus
510 2644 701 2727 quaestionis
725 2642 793 2709 dics
815 2649 1025 2726 contemptus.
1055 2649 1180 2727 postero
1203 2663 1277 2707 cum
1299 2642 1341 2707 ad

301 2747 429 2813 eosdem
451 2749 607 2813 cruciatus
629 2747 843 2812 retraheretur
857 2748 1034 2830 gestamine
1053 2746 1151 2811 sellae
1174 2748 1262 2830 (nam
1278 2746 1340 2810 dis·

301 2853 410 2920 solutis
432 2853 582 2919 membris
605 2852 750 2918 insistere
764 2851 941 2936 nequibat),
964 2852 1068 2917 vinclo
1090 2849 1218 2935 fasciae,
1243 2870 1340 2932 quam

240 2951 252 3007 ’κ
300 2956 420 3042 pectori
450 2956 642 3038 detraxerat,
673 2957 706 3021 iu
736 2956 866 3020 modum
896 2955 1002 3038 laquei
1031 2954 1074 3019 ad
1103 2951 1212 3020 areum
1241 2954 1339 3018 sellae

300 3060 444 3125 restricto
465 3060 580 3126 indidit
608 3062 764 3145 cervicem
786 3066 818 3124 et
840 3060 978 3143 corporis
1005 3057 1146 3142 pondere
1167 3058 1275 3124 conisa
1297 3066 1339 3122 te·

301 3184 397 3229 nuem
418 3164 482 3229 iam
506 3165 650 3249 spiritum
673 3165 837 3247 expressit,
865 3163 996 3228 clariore
1023 3162 1169 3245 exemplo
1191 3161 1339 3227 libertina

301 3268 414 3333 mulier
435 3269 574 3333 intanta
596 3268 788 3333 necessitate
810 3266 930 3331 alienos
952 3286 990 3330 ac
1012 3285 1111 3349 prope
1132 3265 1256 3349 ignotos
1270 3284 1339 3348 pro·

251 3426 252 3430 ,
300 3372 447 3456 tegendo,
471 3392 544 3437 cum
563 3371 694 3454 ingenui
709 3377 742 3435 et
758 3370 864 3434 viriet
880 3370 1001 3451 equites
1016 3368 1151 3433 Romani
1164 3375 1339 3434 senatores·

301 3495 362 3558 que
384 3475 494 3540 intacti
516 3475 680 3540 tormentis
694 3473 858 3539 carissima
872 3492 999 3538 suorum
1015 3472 1148 3555 quisque
1169 3473 1337 3556 pignorum

300 3579 477 3664 proderent.
505 3599 569 3644 non
592 3579 677 3643 enim
700 3578 889 3644 omittebant
908 3577 1058 3642 Lucanus
1081 3595 1206 3657 quoque
1230 3582 1262 3640 et
1284 3574 1337 3640 Se·

300 3685 389 3749 necio
409 3689 441 3748 et
457 3682 647 3759 Quintianus
669 3683 787 3767 passim
810 3682 950 3747 conscios
973 3680 1076 3763 edere,
1100 3680 1201 3762 magis
1224 3680 1336 3762 magu

300 3806 362 3869 que
394 3786 510 3870 pavido
543 3787 679 3870 Nerone,
718 3805 912 3867 quamquam
945 3783 1162 3868 multiplicatis
1195 3783 1337 3849 excubiis

300 3898 399 3954 semet
421 3890 595 3972 saepsisset.
