2984 4275
458 199 482 237 a.
494 182 527 238 U.
540 198 565 239 c.
577 183 684 251 815116.
707 199 735 252 p.
748 182 812 237 Chr.
826 186 896 253 6213.
1134 168 1195 234 125

263 355 316 420 22.
339 355 456 439 Magno
478 357 616 423 adsensu
638 357 799 422 celebrata
820 359 986 442 sententia,
1009 378 1073 423 non
1087 365 1195 424 tamen
1250 374 1336 426 uoco

158 465 286 526 senatus
309 461 485 526 consultum
508 461 616 546 perfici
637 462 748 546 potuit,
779 461 993 528 abnuentibus
1015 462 1195 528 consulibus
1213 445 1369 567 „mmm

158 585 196 629 ea
223 565 264 630 de
292 585 328 630 re
357 565 502 631 relatum.
547 586 621 630 mox
651 573 779 632 auctore
808 566 949 651 principe
980 587 1124 650 sanxere,
1155 587 1196 632 ne
1257 584 1327 629 aaut

158 670 228 750 quis
250 668 292 733 ad
314 669 481 734 concilium
503 669 658 735 sociorum
679 669 809 735 referret
835 670 977 754 agendas
999 672 1086 756 apud
1109 690 1196 736 sena·
1246 653 1334 768 ‘w‘

157 780 225 837 tum
253 792 310 856 pro
339 774 535 857 praetoribus
563 794 660 858 prove
688 774 868 839 consulibus
890 781 1005 859 grates,
1037 795 1099 840 neu
1127 775 1197 858 quis

157 897 196 942 ea
219 877 376 961 legatione
398 877 589 961 fungeretur.

261 979 369 1046 Isdem
395 982 576 1047 consulibus
602 982 805 1066 gymnasium
830 983 895 1047 ictu
918 982 1060 1049 fulminis
1082 981 1195 1048 confla·
1264 987 1318 1045 itote

157 1086 270 1168 gravit,
300 1084 485 1168 effigiesque
512 1086 545 1149 in
569 1107 607 1152 eo
629 1086 766 1152 Neronis
788 1085 830 1150 ad
856 1086 991 1151 informe
1018 1106 1073 1152 aes
1099 1088 1194 1169 lique·
1226 1069 1357 1184 ⁸⁰³5&

156 1189 251 1257 facta
282 1195 314 1253 et
341 1196 552 1255 motuterrae
575 1191 697 1255 celebre
719 1189 912 1274 Campaniae
934 1190 1085 1274 oppidum
1107 1192 1196 1256 Pom·
1234 1207 1351 1255 aarum

156 1293 208 1377 pei
233 1313 352 1376 magna
373 1314 414 1358 ex
435 1302 526 1378 parte
548 1295 676 1379 proruit.
711 1294 926 1375 defunctaque
949 1294 1037 1378 virgo
1060 1295 1196 1360 Vestalis

157 1398 276 1482 Laelia,
309 1398 343 1463 in
375 1398 462 1464 cuius
494 1399 599 1463 looum
628 1398 775 1464 Cornelia
808 1418 848 1463 ex
882 1398 1004 1464 familia
1032 1399 1198 1488 Cossorum

157 1508 253 1586 capta
275 1508 331 1567 est.

261 1709 313 1774 23.
348 1709 496 1774 Memmio
521 1709 643 1792 Regulo
670 1717 704 1775 et
725 1710 873 1794 Verginio
903 1710 987 1776 Rufo
1017 1711 1196 1777 oonsulibus
1252 1727 1335 1773 ozena

157 1821 266 1878 natam
287 1813 347 1878 sibi
368 1833 410 1879 ex
424 1814 574 1897 Poppaea
590 1813 687 1879 liliam
702 1815 787 1879 Nero
802 1815 884 1879 ultra
899 1815 1029 1880 mortale
1043 1814 1196 1897 gaudium
1214 1795 1370 1919 mm

157 1917 280 2001 accepit
294 1917 529 2001 appellavitque
545 1917 734 2003 Augustam,
758 1917 833 1982 dato
849 1925 881 1983 et
901 1920 1069 2003 Poppaeae
1084 1918 1196 1984 eodem
1218 1923 1366 1981 temesae

156 2027 377 2105 cognomento.
415 2021 503 2086 locus
532 2023 697 2106 puerperio
728 2023 850 2087 colonia
879 2023 1012 2087 Antium
1041 2022 1111 2105 fuit,
1141 2024 1196 2089 ubi
1227 2006 1358 2131 ῃῖξζξξύ

155 2127 224 2212 ipse
248 2132 421 2209 generatus
443 2133 522 2194 erat.
544 2126 609 2193 iam
632 2132 762 2192 senatus
784 2134 910 2192 uterum
924 2127 1092 2212 Poppaeae
1115 2148 1196 2193 com·
1262 2155 1327 2199 tera

156 2230 365 2297 mendaverat
388 2230 436 2295 dis
458 2238 595 2313 votaque
616 2232 742 2316 publice
764 2240 961 2315 susceperat;
993 2251 1074 2314 quae
1097 2232 1197 2296 multi·
1241 2216 1343 2270 mm·

155 2335 275 2420 plicata
298 2335 514 2417 exsolutaque.
552 2342 583 2399 et
604 2334 734 2401 additae
762 2336 1006 2420 supplicationes
1032 2338 1197 2419 templum·

155 2458 218 2521 que
241 2438 448 2523 Fecunditati,
472 2445 504 2503 et
526 2445 687 2504 certamen
710 2438 753 2503 ad
775 2441 938 2524 exemplar
958 2440 1107 2505 Actiacae
1129 2440 1197 2505 reli-

154 2543 265 2626 gionis
288 2543 458 2627 decretum,
492 2550 589 2625 utque
620 2544 830 2609 Fortunarum
863 2543 985 2627 effigies
1019 2564 1133 2610 aureae
1162 2546 1196 2610 in

154 2649 233 2714 solio
264 2647 431 2731 Capitolini
459 2648 543 2712 Iovis
573 2648 763 2731 locarentur,
797 2648 953 2713 ludicrum
982 2649 1130 2733 circense,
1161 2656 1197 2714 ut

36 2774 39 2779 ’
153 2752 257 2817 Iuliae
291 2753 380 2834 genti
409 2751 495 2836 apud
529 2752 678 2836 Bovillas,
714 2752 760 2816 ita
796 2752 948 2818 Claudiae
977 2755 1197 2834 Domitiaeque

153 2855 242 2941 apud
265 2855 396 2920 Antium
418 2855 572 2921 ederetur.
607 2875 690 2937 quae
711 2856 799 2920 fluxa
822 2856 920 2940 fuere,
944 2864 1092 2938 quartum
1112 2857 1197 2921 intra

155 2979 300 3025 mensem
322 2959 473 3025 defuncta
495 2960 628 3025 infante.
657 2980 826 3043 rursusque
849 2968 977 3026 exortae
998 2960 1196 3028 adulationes

155 3064 355 3129 censentium
374 3063 527 3129 honorem
542 3065 636 3130 divae
652 3070 684 3129 et
699 3064 847 3148 pulvinar
860 3062 1037 3147 aedemque
1052 3071 1084 3129 et
1098 3085 1196 3131 sacer·

155 3167 275 3233 dotem.
313 3174 408 3250 atque
434 3168 503 3252 ipse
533 3175 567 3232 ut
594 3169 740 3250 laetitiae,
771 3169 816 3233 ita
845 3169 993 3233 maeroris
1021 3168 1196 3234 inmodicus

156 3272 231 3355 egit.
271 3271 458 3337 adnotatum
481 3279 539 3349 est,
562 3273 649 3338 omni
671 3280 784 3337 senatu
806 3273 939 3338 Antium
961 3273 1020 3338 sub
1036 3279 1196 3338 recentem

155 3381 282 3460 partum
318 3376 433 3460 effuso,
475 3375 651 3442 Thraseam
695 3375 888 3460 prohibitum
931 3378 1053 3441 inmoto
1089 3376 1195 3441 animo

156 3480 381 3563 praenuntiam
414 3480 596 3545 inminentis
626 3480 732 3545 caedis
767 3481 989 3544 contumeliam
1024 3480 1194 3563 excepisse.

156 3590 300 3649 secutam
315 3584 430 3650 dehinc
445 3603 555 3649 vooem
570 3584 713 3650 Caesaris
736 3583 850 3669 ferunt,
875 3605 939 3668 qua
960 3584 1195 3649 reconciliatum

157 3706 190 3752 se
212 3688 373 3754 Thraseae
395 3687 482 3772 apud
504 3688 659 3754 Senecam
680 3689 854 3771 iactaverit,
883 3708 921 3753 ae
943 3688 1098 3754 Senecam
1120 3687 1195 3753 Cae·

157 3794 219 3858 sari
245 3794 455 3876 gratulatum:
486 3793 571 3859 unde
597 3793 698 3876 gloria
728 3793 864 3877 egregiis
890 3792 967 3857 viris
996 3799 1028 3857 et
1054 3791 1196 3875 pericula

158 3896 343 3978 gliscebant.
