2984 4275
489 193 667 250 auaaoa
692 192 851 261 achras.
1151 178 1191 241 61

150 367 322 433 aemulatio
345 368 564 451 exercebatur)
592 366 741 432 Paridem
769 367 961 452 histrionem,
990 369 1138 434 libertum
1161 377 1193 434 et

148 472 252 557 ipsum
275 472 443 554 Domitiae,
471 471 596 555 impulit
617 472 664 536 ire
686 492 820 556 propere
843 473 1025 554 crimenque
1047 474 1192 539 atrociter

148 575 281 642 deferre.

252 680 306 745 20.
341 681 495 745 Provecta
523 700 587 744 nox
613 686 680 744 erat
703 687 735 743 et
758 680 878 745 Neroni
905 700 962 765 per
984 681 1190 746 vinolentiam
1225 695 1282 739 aeto
1297 695 1350 773 piro

147 785 344 867 trahebatur,
367 804 439 848 cum
453 783 631 867 ingreditur
646 783 745 868 Paris,
769 784 879 849 solitus
894 784 1034 866 alioquin
1057 785 1090 850 id
1113 796 1189 850 tem·
1225 764 1348 879 ¹³¹2&

147 889 230 973 poris
253 890 346 954 luxus
365 887 527 973 principis
549 888 723 971 intendere,
752 888 809 954 sed
836 895 912 953 tunc
934 890 1126 974 compositus
1148 889 1364 983 adnascuntur

148 993 350 1076 maestitiam,
375 992 580 1076 expositoque
602 992 712 1057 indicii
734 992 844 1058 ordine
866 993 1114 1060 itaaudientem
1137 1015 1190 1060 ex·
1235 970 1342 1096 ,223⁴

147 1104 252 1181 terret,
276 1104 389 1162 utnon
405 1104 530 1162 tantum
546 1104 679 1161 matrem
694 1098 904 1178 Plautumque
925 1097 1112 1181 interficere,
1133 1100 1190 1164 sed

146 1203 281 1267 Burrum
301 1202 399 1266 etiam
414 1201 583 1266 demovere
606 1201 806 1285 praefectura
821 1202 1001 1285 destinaret,
1026 1211 1189 1285 tamquam

147 1306 342 1390 Agrippinae
357 1306 462 1388 gratia
485 1315 668 1389 provectum
683 1314 716 1371 et
732 1306 835 1371 vicem
851 1306 1046 1372 reddentem.
1072 1307 1189 1373 Fabius

146 1411 296 1476 Rusticus
322 1416 431 1474 auctor
453 1417 510 1490 est,
539 1409 670 1493 scriptos
697 1429 767 1475 esse
795 1410 837 1474 ad
859 1410 1029 1475 Caecinam
1051 1412 1189 1477 Tuscum

147 1514 316 1592 codicillos
348 1514 501 1579 mandata
522 1515 553 1578 ei
576 1514 803 1598 praetoriarum
826 1516 1001 1581 cohortium
1023 1536 1108 1598 cura,
1133 1517 1190 1581 sed

146 1639 205 1703 ope
220 1619 362 1684 Senecae
386 1617 605 1700 dignationem
620 1618 719 1684 Burro
741 1626 912 1684 retentam:
937 1619 1058 1684 Plinius
1072 1628 1105 1685 et
1119 1621 1188 1686 Clu·

146 1723 215 1788 vius
245 1723 327 1787 nihil
357 1722 534 1788 dubitatum
569 1722 609 1787 de
638 1722 701 1787 fide
734 1722 888 1807 praefecti
920 1724 1075 1808 referunt,
1109 1745 1187 1790 sane

146 1826 264 1892 Fabius
285 1826 419 1891 inclinat
441 1826 483 1891 ad
505 1827 616 1891 laudes
631 1826 783 1911 Senecae,
807 1827 896 1892 cuius
911 1828 1051 1893 amicitia
1073 1828 1185 1895 floruit.

145 1950 202 1996 nos
225 1950 413 1996 consensum
440 1938 604 1996 auctorum
631 1933 778 2016 secuturi,
808 1932 912 2014 siqui
938 1933 1064 1999 diversa
1085 1933 1187 2017 prodi-

145 2035 258 2117 derint,
282 2037 340 2102 sub
364 2036 546 2101 nominibus
567 2036 708 2121 ipsorum
731 2036 903 2103 trademus.
937 2039 1023 2103 Nero
1045 2038 1186 2121 trepidus

144 2147 174 2205 et
196 2140 438 2206 interficiendae
460 2141 570 2206 matris
593 2140 707 2207 avidus
729 2163 792 2208 non
820 2143 906 2226 prius
929 2142 1047 2207 differri
1074 2144 1184 2226 potuit,

144 2263 240 2326 quam
267 2245 384 2309 Burrus
411 2265 523 2309 necem
549 2245 617 2310 eius
643 2247 850 2330 promitteret,
877 2247 905 2310 si
932 2245 1080 2311 facinoris
1102 2267 1186 2311 coar-

143 2356 305 2431 gueretur:
340 2349 396 2413 sed
426 2349 621 2432 cuicumque,
655 2350 774 2415 nedum
808 2350 933 2435 parenti
966 2349 1185 2415 defensionem

143 2451 358 2536 tribuendam,
383 2471 442 2517 nec
464 2460 663 2518 accusatores
686 2454 809 2537 adesse,
832 2454 890 2520 sed
905 2475 1016 2520 vocem
1036 2454 1128 2519 unius
1144 2474 1185 2518 ex

142 2555 273 2620 inimica
304 2556 398 2621 domo
431 2556 562 2621 adferri:
596 2564 758 2641 reputaret
784 2559 932 2624 tenebras
960 2566 993 2624 et
1018 2558 1184 2641 vigilatam
1267 2581 1270 2585 ’

143 2660 288 2725 convivio
303 2667 429 2725 noctem
445 2661 614 2742 omniaque
630 2662 802 2727 temeritati
822 2670 853 2727 et
868 2663 1012 2729 inscitiae
1028 2662 1181 2747 propiora.

246 2762 299 2828 21.
334 2764 387 2830 Sic
409 2765 508 2829 lenito
532 2766 681 2850 principis
704 2773 791 2831 metu
819 2774 851 2831 et
873 2769 943 2832 luce
966 2774 1034 2831 orta
1055 2767 1119 2830 itur
1141 2766 1183 2830 ad
1213 2769 1349 2825 artusinus

142 2867 362 2952 Agrippinam,
391 2877 426 2933 ut
448 2877 591 2934 nosceret
617 2870 741 2935 obiecta
768 2871 1016 2951 dissolveretque
1038 2870 1090 2935 vel
1113 2889 1183 2953 poc·
1219 2839 1340 2962 mxu,

142 2991 199 3036 nas
221 2973 329 3037 lueret.
369 2973 487 3039 Burrus
508 2974 549 3038 iis
571 2975 730 3040 mandatis
753 2974 876 3040 Seneca
902 2995 1007 3039 coram
1030 2974 1182 3058 fungeba-

141 3082 205 3161 tur;
236 3077 373 3141 aderant
402 3085 434 3141 et
465 3098 505 3143 ex
532 3078 651 3143 libertis
677 3079 789 3144 arbitri
818 3079 981 3144 sermonis.
1020 3078 1135 3142 deinde
1163 3098 1183 3141 a

142 3179 252 3263 Burro,
276 3186 445 3263 postquam
468 3181 602 3246 crimina
624 3189 655 3247 et
670 3191 815 3247 auctores
839 3182 993 3266 exposuit,
1018 3183 1183 3246 minaciter

141 3293 257 3348 actum.
296 3290 329 3348 et
350 3284 526 3368 Agrippina
550 3285 685 3350 ferociae
707 3306 828 3351 memor
850 3278 924 3351 ‘non
953 3282 1058 3351 miror’
1079 3285 1181 3366 inquit

141 3379 304 3471 ‘Silanam
328 3409 503 3470 numquam
518 3390 603 3455 edito
619 3398 720 3474 partu,
745 3397 881 3455 matrum
897 3390 1042 3454 adfectus
1057 3390 1182 3473 ignotos

140 3490 272 3575 habere3
305 3512 408 3574 neque
436 3494 522 3558 enim
551 3494 682 3578 perinde
709 3515 729 3558 a
757 3495 941 3578 parentibus
967 3494 1057 3559 liberi
1085 3512 1181 3574 quam

140 3595 180 3659 ab
203 3594 354 3678 inpudica
377 3597 509 3662 adulteri
533 3606 703 3663 mutantur.
726 3619 786 3664 nec
808 3598 836 3662 si
849 3598 965 3662 Iturius
981 3605 1012 3661 et
1026 3597 1181 3662 Calvisius

139 3698 244 3764 adesis
266 3700 412 3765 omnibus
434 3700 567 3768 fortunis
589 3703 794 3768 novissimam
816 3700 1038 3785 suscipiendae
1053 3719 1181 3764 accusa·

139 3801 233 3867 tionis
263 3823 392 3886 operam
422 3806 499 3871 anui
528 3808 716 3890 rependunt,
751 3807 824 3872 ideo
854 3813 909 3870 aut
941 3805 1020 3870 mihi
1048 3804 1181 3868 infamia

138 3905 299 3988 parricidii
322 3915 377 3972 aut
392 3909 519 3975 Caesari
542 3910 734 3976 conscientia
757 3909 923 3975 subeunda
945 3915 1000 3973 est.
1024 3929 1099 3972 nam
1119 3908 1180 3971 Do·
