2984 4275
491 229 515 266 a.
529 212 671 287 bama
695 228 721 279 p.
734 211 798 265 cnr.
811 215 854 267 49.
1148 193 1190 256 29

149 408 206 470 pro
221 386 349 451 fortuna
364 386 546 451 disseruisse
561 384 647 470 apud
663 385 832 450 Caesarem
851 384 1021 466 ferebatur,
1045 385 1190 468 elataque
1227 397 1277 448 nuo
1291 397 1348 441 aaa

150 511 213 556 vox
235 491 303 555 eius
325 490 358 554 in
380 491 512 573 vulgum
533 490 621 555 hisce
643 490 764 555 verbis:
788 481 862 554 ‘non
886 508 955 553 sum
978 489 1126 553 remissus
1149 487 1190 551 ad
1239 466 1338 519 “m

150 602 192 678 te,
221 594 278 659 sed
306 614 464 659 reversus:
494 595 545 658 vel
572 594 599 658 si
625 614 689 658 non
712 593 823 677 credis,
851 592 975 658 dimitte
999 601 1030 657 et
1052 589 1191 674 quaere?

150 700 241 762 vultu
258 718 382 782 quoque
403 697 543 762 interrito
565 697 749 782 permansit,
773 716 845 761 cum
860 704 960 761 rostra
982 696 1072 760 iuxta
1088 704 1189 760 custo·

151 802 243 867 dibus
270 801 480 867 circumdatus
507 801 588 866 visrd
615 802 731 884 populo
763 803 975 885 praeberetur.
1013 800 1191 865 consularia

151 906 287 989 insignia
309 906 419 990 Ciloni,
442 907 576 990 Aquilae
599 907 757 990 praetoria
780 907 999 971 decernuntur.

255 1010 307 1075 22.
330 1010 436 1075 Isdem
451 1010 633 1075 consulibus
648 1016 737 1074 atrox
754 1009 818 1074 odii
828 1010 1006 1093 Agrippina
1020 1028 1058 1072 ao
1069 1008 1189 1074 Lolliae
1264 1020 1308 1071 aar

150 1114 284 1197 infensa,
309 1114 392 1196 quod
415 1133 522 1178 secum
545 1113 586 1178 de
602 1113 801 1179 matrimonio
824 1114 974 1198 principis
993 1113 1187 1196 certavisset,
1219 1088 1355 1209 amna?

153 1219 277 1284 molitur
299 1219 429 1282 crimina
451 1229 483 1282 et
505 1225 729 1302 accusatorem,
759 1219 812 1300 qui
839 1218 978 1283 obiceret
1000 1218 1188 1301 Chaldaeos,
1221 1226 1357 1307 utrarum

152 1343 261 1406 magos
282 1324 574 1408 interrogatumque
586 1325 740 1407 Apollinis
762 1324 857 1388 Clarii
880 1324 1080 1389 simulacrum
1096 1344 1190 1407 super
1225 1295 1347 1419 dmg

151 1429 268 1512 nuptiis
282 1429 490 1512 imperatoris.
514 1430 599 1495 exim
616 1429 764 1494 Claudius
787 1430 930 1493 inaudita
951 1449 1006 1494 rea
1028 1430 1127 1493 multa
1149 1428 1190 1493 de
1229 1435 1342 1480 aaroni.

152 1532 339 1598 claritudine
354 1533 422 1598 eius
437 1533 524 1616 apud
539 1541 684 1598 senatum
708 1533 879 1617 praefatus
904 1554 1007 1598 sorore
1022 1535 1058 1598 L.
1067 1534 1190 1598 Volusii

152 1637 301 1721 genitam,
332 1637 484 1702 maiorem
512 1638 541 1702 ei
568 1644 715 1722 patruum
738 1638 862 1702 Cottam
884 1637 1087 1703 Messalinum
1111 1658 1189 1721 esse,

151 1741 300 1805 Memmio
324 1741 483 1824 quondam
506 1742 628 1823 Regulo
651 1749 784 1825 nuptam
808 1743 896 1826 (narn
916 1741 956 1806 de
972 1741 1032 1806 Gai
1047 1742 1191 1807 Caesaris

151 1845 270 1929 nuptiis
306 1846 446 1910 consulto
479 1845 656 1930 reticebat),
691 1845 816 1910 addidit
848 1846 1023 1930 perniciosa
1056 1847 1088 1910 in
1123 1867 1191 1910 rern

150 1949 311 2031 publicam
327 1948 458 2014 consilia
474 1956 505 2013 et
521 1950 685 2014 materiem
700 1942 810 2014 sceleri
834 1949 1077 2014 detrahendam:
1101 1949 1191 2033 proin

150 2052 320 2135 publicatis
341 2053 434 2117 bonis
458 2051 584 2118 cederet
602 2053 704 2117 Italia.
728 2054 811 2118 intra
826 2053 1058 2136 quinquagiens
1081 2060 1191 2118 sester-

150 2158 228 2221 tium
259 2177 300 2221 ex
330 2157 441 2241 opibus
470 2157 621 2223 inmensis
652 2158 738 2222 exuli
768 2158 921 2222 relictum.
959 2165 991 2222 et
1021 2158 1191 2242 Calpurnia

150 2261 292 2325 inlustris
313 2261 433 2326 femina
452 2263 651 2346 pervertitur,
676 2262 750 2346 quia
772 2262 906 2327 formam
921 2262 988 2326 eius
1003 2261 1190 2326 laudaverat

151 2366 307 2450 princeps,
335 2366 423 2430 nulla
448 2365 588 2449 libidine,
621 2367 678 2431 sed
704 2366 833 2431 fortuito
856 2385 1010 2449 sermone,
1038 2364 1122 2430 unde
1144 2366 1191 2429 ira

151 2469 347 2552 Agrippinae
362 2470 442 2533 citra
455 2470 567 2534 ultima
582 2471 677 2535 stetit.
694 2471 728 2534 in
740 2470 873 2534 Lolliam
889 2469 1024 2534 mittitur
1034 2469 1189 2553 tribunus,

152 2592 256 2653 aquo
279 2573 320 2636 ad
343 2581 475 2638 mortem
498 2574 688 2656 adigeretur.
712 2574 881 2638 damnatus
904 2581 936 2638 et
951 2576 1023 2657 lege
1045 2581 1190 2658 repetun-

152 2676 263 2740 darum
286 2676 402 2742 Cadius
424 2676 526 2742 Rufus
547 2677 771 2742 accusantibus
793 2677 949 2761 Bithynis.

256 2780 308 2845 23.
337 2780 461 2846 Galliae
483 2781 682 2846 Narbonensi
706 2783 746 2847 ob
774 2783 935 2864 egregiam
961 2781 994 2846 in
1013 2788 1120 2866 patres
1145 2802 1189 2846 re·
1269 2800 1309 2844 aa

151 2884 328 2949 verentium
361 2884 484 2967 datum,
517 2892 552 2949 ut
585 2887 783 2951 senatoribus
814 2887 882 2951 eius
913 2886 1095 2970 provinciae
1125 2906 1189 2950 non
1214 2869 1357 2991 “ww

153 2988 310 3070 exquisita
332 2988 481 3073 principis
504 2990 668 3072 sententia,
692 2990 760 3053 iure
790 3009 852 3070 quo
880 2989 986 3055 Sicilia
1009 2989 1187 3073 haberetur,
1208 3005 1364 3052 uastauere.

152 3112 201 3156 res
228 3112 303 3157 suas
329 3093 465 3159 invisere
487 3093 607 3159 liceret.
641 3095 824 3177 Ituraeique
847 3101 878 3158 et
899 3093 1011 3159 Iudaei
1033 3094 1191 3159 defunctis
1214 3075 1357 3197 Ἒζΰῇζζῗζ

152 3197 279 3280 regibus
309 3196 466 3263 Sohaemo
499 3207 595 3280 atque
617 3199 761 3283 Agrippa
793 3198 976 3282 provinciae
1005 3197 1115 3264 Suriae
1138 3198 1190 3262 ad·
1238 3214 1336 3259 aarum

124 3299 219 3366 diti.
265 3300 382 3366 Salutis
415 3301 580 3384 augurium
621 3302 759 3383 quinque
794 3308 826 3366 et
859 3303 1061 3386 septuaginta
1098 3301 1191 3366 annis

153 3405 302 3470 omissum
332 3406 432 3489 repeti
462 3425 500 3470 ac
530 3405 645 3470 deinde
675 3406 852 3470 continuari
880 3407 1038 3490 placitum.
1078 3412 1110 3470 et
1139 3427 1190 3490 po·
1216 3421 1364 3473 storiarum

153 3509 286 3573 merium
316 3509 403 3574 urbis
432 3510 521 3574 auxit
552 3509 676 3594 Caesar,
711 3529 797 3574 more
826 3510 937 3594 prisco,
968 3530 1029 3591 quo
1058 3510 1105 3593 iis,
1137 3511 1191 3591 qui
1217 3492 1365 3613 ,offlam

152 3614 307 3696 protulere
329 3614 510 3697 imperium,
539 3614 631 3678 etiarn
657 3614 807 3678 terminos
831 3613 917 3678 urbis
938 3633 1115 3697 propagare
1138 3613 1190 3676 da-

152 3722 212 3781 tur,
251 3737 311 3782 nec
338 3724 447 3782 tamen
474 3717 571 3783 duces
597 3719 742 3800 Romani,
772 3738 963 3800 quamquam
990 3716 1115 3798 magnis
1136 3737 1191 3780 na·

152 3820 291 3886 tionibus
320 3821 469 3903 subactis,
503 3828 732 3905 usurpaverant
762 3822 824 3886 nisi
853 3823 888 3885 L.
920 3820 1008 3885 Sulla
1038 3829 1068 3883 et
1098 3819 1190 3884 divus

152 3924 323 4006 Augustus.
