2984 4275
495 122 674 179 11111111.
699 123 856 191 111111.
1135 106 1196 172 155

151 295 233 379 perii
255 316 346 360 ouras
368 296 615 380 praeficeretque
637 297 811 361 rationibus
831 304 863 362 et
878 299 992 362 libellis
1009 304 1040 362 et
1056 300 1196 382 epistulis

151 399 290 480 libertos,
319 400 428 464 inania
459 401 552 465 simul
586 407 618 464 et
648 400 742 465 falsa:
778 422 853 464 nam
887 401 1014 466 Silanus
1048 403 1197 467 intentior

151 510 239 568 metu
267 511 299 568 et
322 505 417 569 exitio
443 505 549 588 patrui
576 505 617 569 ad
645 505 903 588 praecavendum
926 507 1095 571 exterritus
1118 512 1194 569 erat.

151 607 273 672 inducti
295 608 428 690 posthac
443 609 598 674 vocabulo
613 608 763 690 indicum,
788 610 842 690 qui
858 609 891 672 in
907 609 1071 693 Lepidam,
1095 608 1196 674 Cassii

154 730 297 789 uxorem,
321 711 422 776 Silani
436 714 578 795 amitam,
601 713 758 777 incestum
775 732 848 776 cum
864 713 969 777 fratris
985 713 1048 777 filio
1065 720 1096 777 et
1112 712 1196 778 diros

153 834 315 880 sacrorum
338 815 416 880 ritus
439 815 666 898 confingerent.
698 816 907 880 trahebantur
929 822 963 879 ut
985 817 1103 880 conscii
1123 816 1197 879 Vul-

151 919 252 982 catius
275 918 420 983 Tullinus
442 940 480 984 ao
502 920 671 984 Marcellus
693 918 858 983 Cornelius
888 925 1050 983 senatores
1073 926 1105 983 et
1128 919 1197 983 Cal-

151 1022 287 1105 purnius
310 1023 451 1086 Fabatum
474 1043 572 1104 eques
595 1025 772 1107 Romanus3
797 1024 851 1103 qui
873 1023 1032 1107 appellato
1055 1023 1196 1106 principe

150 1128 324 1191 instantem
354 1125 593 1191 damnationem
626 1127 777 1209 frustrati,
814 1147 889 1190 mox
923 1127 1083 1192 Neronem
1113 1127 1197 1192 circa

152 1250 278 1295 summa
300 1231 420 1295 scelera
442 1231 615 1296 distentum
638 1231 729 1313 quasi
752 1231 891 1295 minores
915 1251 1053 1296 evasere.

258 1333 287 1396 9.
322 1335 412 1397 Tune
440 1336 581 1399 consulto
610 1343 739 1399 senatus
767 1333 875 1399 Cassio
905 1340 937 1398 et
964 1334 1072 1400 Silano
1100 1335 1369 1400 exiliabuntur

119 1453 122 1458 ’
152 1438 381 1502 decernuntur:
405 1440 445 1503 de
468 1439 592 1521 Lepida
612 1438 729 1503 Caesar
752 1444 915 1503 statueret.
949 1438 1195 1522 deportatusque
1219 1415 1364 1537 &swa

152 1542 186 1606 in
208 1542 346 1606 insulam
369 1542 548 1607 Sardiniam
563 1542 698 1622 Cassius,
722 1548 754 1606 et
776 1549 921 1607 senectus
944 1543 1011 1606 eius
1035 1550 1196 1626 exspecta·
1261 1551 1322 1597 titt

152 1647 255 1711 batur.
302 1645 437 1728 Silanae,
473 1653 638 1727 tamquam
667 1646 797 1710 Naxum
827 1645 1044 1730 deveheretur,
1075 1646 1196 1711 Ostiam

154 1757 287 1830 amotus,
312 1755 382 1833 post
406 1751 575 1834 municipio
598 1750 742 1834 Apuliae,
774 1752 826 1814 cui
846 1770 962 1814 nomen
984 1750 1114 1815 Barium
1138 1757 1195 1832 est,

154 1854 319 1918 clauditur.
343 1855 407 1919 illic
430 1854 684 1937 indignissimum
708 1859 816 1917 casnm
838 1854 998 1936 sapienter
1020 1855 1158 1919 tolerans
1177 1875 1197 1917 a

157 1959 340 2022 centurione
356 1957 398 2021 ad
414 1959 545 2022 caedem
563 1959 658 2022 misso
674 1957 852 2040 corripitur,
877 1957 1087 2039 suadentique
1099 1977 1197 2022 venas

155 2061 355 2146 abrumpere,
385 2062 526 2125 animum
553 2062 683 2143 quidem
710 2062 803 2125 morti
833 2060 1028 2125 destinatum
1055 2063 1110 2147 ait,
1141 2063 1197 2127 sed

156 2185 220 2229 non
243 2167 403 2230 remittere
425 2167 600 2250 percussori
626 2166 759 2248 gloriam
786 2165 961 2231 ministerii.
1000 2172 1033 2229 at
1056 2168 1197 2231 centurio
1275 2159 1284 2175 '

157 2270 302 2351 quamvis
316 2270 479 2350 inermem,
496 2271 715 2353 praevalidum
729 2276 838 2334 tamen
854 2276 886 2334 et
901 2271 967 2334 irae
983 2290 1078 2352 quam
1094 2271 1198 2334 timori

156 2365 334 2457 propiorem
361 2394 495 2439 cernens
521 2375 623 2458 premi
650 2395 670 2437 a
697 2374 850 2438 militibus
876 2373 972 2438 iubet.
1012 2394 1072 2438 nec
1094 2374 1198 2437 omisit

157 2477 285 2542 Silanus
301 2478 401 2542 obniti
416 2486 447 2542 et
463 2479 629 2543 intendere
653 2478 744 2562 ictus,
769 2485 923 2560 quantum
944 2479 1090 2543 manibus
1106 2477 1198 2541 nudis

156 2583 294 2665 valebat,
318 2581 420 2646 donec
435 2603 455 2646 a
470 2584 653 2647 centurione
668 2582 852 2647 vulneribus
871 2582 1013 2646 adversis
1035 2589 1198 2663 tamquam

155 2687 187 2749 in
211 2706 320 2769 pugna
342 2686 478 2751 caderet.
897 2756 899 2759 Α
964 2749 968 2757 ,

263 2791 312 2854 10.
347 2790 443 2855 Haud
467 2792 570 2855 minus
593 2798 737 2874 prompte
762 2791 797 2854 L.
814 2791 913 2855 Vetus
937 2811 1107 2873 socrusque
1130 2792 1198 2856 eius
1243 2797 1265 2842 i·
1279 2798 1348 2841 uetur

156 2894 266 2958 saxea
282 2894 456 2959 erronica
471 2894 538 2958 1111
552 2914 662 2958 necem
679 2895 812 2977 subiere,
836 2894 931 2958 uvis
954 2895 1096 2979 principi,
1120 2900 1198 2959 tam·
1216 2866 1372 2987 lgm?

157 3018 254 3079 quam
277 2997 414 3061 vivendo
442 2998 669 3081 exprobrarent
691 2997 893 3061 interfectum
920 3017 988 3061 esse
1015 2998 1197 3062 Rubellium
1215 2991 1395 3057 actaeonem

156 3103 314 3184 Plautum,
342 3122 495 3185 generum
523 3103 557 3166 L.
579 3102 714 3166 Veteris.
761 3101 818 3166 sed
845 3101 971 3166 initium
1001 3101 1198 3184 detegendae
1220 3072 1365 3195 „gfffffw

157 3207 311 3271 saevitiae
337 3207 483 3289 praebuit
509 3205 690 3269 interversis
717 3205 844 3288 patroni
869 3206 964 3269 rebus
986 3204 1028 3267 ad
1051 3224 1200 3269 111111111-
1257 3212 1333 3255 totto·

157 3311 233 3375 dum
260 3308 495 3391 transgrediens
524 3309 716 3372 Fortunatus
746 3308 886 3391 libertus,
917 3307 1037 3372 adscito
1067 3306 1199 3372 Claudio

156 3413 321 3494 Demiano,
350 3432 446 3493 quem
468 3412 509 3476 ob
531 3410 654 3494 flagitia
676 3412 820 3476 vinctum
843 3432 863 3475 a
885 3412 1002 3476 Vetere
1024 3410 1120 3474 Asiae
1143 3430 1200 3493 pro

156 3518 285 3582 consule
316 3515 451 3579 exsolvit
479 3516 564 3579 Nero
595 3515 628 3577 in
655 3515 831 3598 praemium
859 3513 1077 3579 accusationis
1116 3512 1200 3593 quod

156 3621 212 3685 ubi
234 3621 397 3702 cognitum
420 3639 483 3703 reo,
507 3639 605 3699 seque
628 3625 660 3682 et
681 3619 832 3683 libertum
854 3618 923 3702 pari
945 3624 1028 3682 sorte
1044 3617 1199 3699 componi,

156 3724 342 3789 Formianos
364 3724 397 3788 in
420 3744 513 3806 agros
535 3723 718 3806 digreditur.
756 3724 823 3787 illic
846 3743 917 3786 eum
939 3722 1056 3786 milites
1078 3721 1200 3785 oooulta

158 3829 300 3894 custodia
316 3828 521 3893 circumdant.
545 3829 655 3892 aderat
669 3827 743 3911 filia,
758 3846 852 3910 super
863 3827 1012 3908 ingruens
1026 3823 1199 3908 periculum
