2984 4275
479 202 503 239 a.
517 186 550 240 U.
563 202 585 239 e.
599 189 658 241 811.
682 202 711 254 p.
723 184 786 239 Chr.
799 189 841 242 58.
862 240 869 251 ,
1138 170 1178 233 81

138 365 225 424 metu
248 359 389 423 exterriti
410 359 566 443 Bructeri3
591 365 622 423 et
637 359 751 424 ceteris
766 379 891 443 quoque
913 360 1018 424 aliena
1039 360 1180 444 pericula

138 462 359 528 deserentibus
386 464 454 527 sola
476 463 750 548 Ampsivariorum
776 483 856 545 gens
883 471 967 529 retro
994 463 1036 528 ad
1063 464 1180 547 Usipos

138 575 170 631 et
185 568 350 632 Tubantes
372 569 535 632 concessit.
560 588 692 650 quorum
715 568 807 632 terris
830 567 933 632 exacti
953 587 1025 632 cunr
1038 567 1178 651 Chattos,

137 670 212 736 dein
240 671 416 736 Cheruscos
444 671 607 756 petissent,
638 692 743 736 errore
769 673 865 755 longo
892 671 1042 756 hospites,
1075 672 1177 756 egeni,

136 775 245 840 hostes
266 776 301 839 in
323 775 436 859 alieno,
460 774 542 859 quod
558 776 730 841 iuventutis
750 783 827 860 erat,
851 775 1031 858 caeduntur,
1052 777 1178 841 inbellis

137 887 228 945 aetas
250 880 285 944 in
307 879 459 964 praedam
483 880 585 944 divisa
607 888 665 945 est.

242 983 295 1048 57.
329 983 450 1049 Eadem
473 990 595 1048 aestate
617 984 700 1048 inter
722 983 961 1049 Hermunduros
983 983 1176 1077 Chattosque
1201 999 1353 1055 ucotuutoc

136 1094 293 1152 certatum
315 1108 433 1171 magno
454 1088 583 1173 proelio,
610 1087 686 1152 dum
709 1087 828 1152 flumen
854 1087 1016 1171 gignendo
1043 1088 1110 1153 sale
1133 1088 1175 1153 fe·
1208 1070 1348 1193 ,Jfflm

136 1191 278 1256 cundum
312 1198 345 1256 et
377 1192 606 1257 conterminum
639 1192 671 1256 vi
704 1190 847 1276 trahunt,
885 1211 978 1275 super
1010 1191 1175 1257 libidinem
1256 1210 1298 1255 ab

135 1302 253 1360 cuncta
275 1296 372 1359 armis
394 1294 512 1378 agendi
538 1296 690 1378 religione
712 1295 818 1379 insita,
846 1315 900 1361 eos
927 1296 1066 1360 maxime
1091 1297 1175 1361 locos
1200 1278 1360 1395 ᾞξζῗω·

136 1400 351 1484 propinquare
373 1401 461 1465 caelo
482 1419 656 1483 precesque
683 1400 863 1463 mortalium
885 1420 905 1463 a
927 1399 994 1464 deis
1017 1420 1175 1483 nusquam
1215 1420 1349 1466 nantuaco

137 1504 267 1588 propius
288 1502 401 1568 audiri.
439 1501 514 1567 inde
536 1502 736 1584 indulgentia
759 1504 922 1567 numinum
950 1504 1004 1567 illo
1025 1505 1059 1568 in
1082 1524 1176 1569 amne
1216 1489 1250 1533 ⁶⁸¹
1263 1488 1329 1536 ⁹³¹³·

137 1608 264 1690 illisque
287 1606 375 1672 silvis
397 1608 496 1672 salem
519 1606 695 1691 provenire,
718 1628 783 1672 non
805 1613 841 1671 ut
856 1608 935 1673 alias
957 1608 1042 1692 apud
1065 1617 1178 1691 gentes

138 1712 242 1777 eluvie
265 1711 361 1776 maris
383 1718 547 1777 arescente
570 1710 666 1796 unda,
695 1710 753 1775 sed
779 1730 874 1795 super
894 1710 1062 1776 ardentem
1089 1714 1179 1778 arbo-

140 1835 208 1880 rum
232 1822 349 1881 struem
378 1816 449 1881 fusa
476 1836 517 1880 ex
544 1816 707 1881 contrariis
732 1816 816 1879 inter
838 1836 874 1880 se
900 1817 1076 1901 elementis,
1104 1817 1179 1899 igne

137 1927 237 2003 atque
264 1921 364 2003 aquis,
392 1927 580 1985 concretum.
620 1919 678 1985 sed
704 1919 822 1984 bellum
852 1919 1082 1984 Hermunduris
1110 1942 1179 2005 pro·

138 2043 278 2108 sperum,
309 2024 430 2089 Chattis
461 2024 625 2089 exitiosius
654 2023 721 2105 fnit,
752 2024 828 2104 quia
857 2024 991 2089 victores
1021 2023 1179 2089 diversam

139 2129 241 2193 aciem
269 2127 363 2193 Marti
390 2149 427 2193 ac
449 2128 604 2193 Mercurio
628 2147 804 2213 sacravere,
833 2148 895 2209 quo
916 2134 991 2194 voto
1014 2129 1088 2210 equi
1109 2129 1177 2214 viri,

137 2240 253 2298 cuncta
275 2233 350 2298 viva
372 2232 526 2298 occidioni
548 2231 673 2297 dantur.
713 2239 745 2296 et
764 2233 874 2297 minae
896 2232 1023 2313 quidem
1051 2232 1179 2298 hostiles

137 2337 171 2401 in
192 2339 279 2422 ipsos
293 2338 470 2402 vertebant.
495 2335 552 2401 sed
573 2337 686 2401 civitas
701 2335 854 2402 Ubiorum
874 2336 959 2401 socia
980 2336 1073 2401 nobis
1095 2338 1178 2401 malo

138 2442 299 2526 inproviso
322 2440 449 2505 adflicta
473 2447 529 2505 cst.
569 2461 643 2504 nam
664 2440 755 2522 ignes
777 2446 862 2503 terra
884 2439 960 2504 editi
981 2440 1075 2505 villas
1102 2461 1179 2506 arva

138 2546 225 2611 vicos
247 2545 367 2629 passim
390 2544 602 2629 corripiebant
624 2543 871 2625 ferebanturque
894 2543 926 2607 in
949 2544 1019 2627 ipsa
1032 2545 1177 2610 conditae

138 2670 240 2735 nuper
262 2650 404 2714 coloniae
426 2650 561 2713 moenia.
594 2668 697 2729 neque
721 2648 864 2730 extingui
886 2655 1041 2732 poterant,
1064 2670 1128 2714 non
1151 2651 1178 2714 si

136 2754 257 2820 imbres
281 2752 439 2834 caderent,
468 2773 531 2817 non
554 2751 734 2816 fluvialibus
756 2751 849 2834 aquis
876 2758 932 2816 aut
954 2772 1016 2834 quo
1038 2754 1100 2818 alio
1122 2754 1178 2817 hu-

137 2878 235 2942 more,
259 2856 360 2922 donec
381 2857 489 2941 inopia
511 2855 643 2921 remedii
657 2862 696 2920 'et
710 2856 758 2919 ira
773 2855 872 2920 cladis
892 2862 1032 2938 agrestes
1048 2858 1177 2941 quidam

136 2963 262 3027 eminus
289 2981 368 3026 saxa
394 2962 507 3045 iacere,
536 2959 611 3024 dein
637 2959 857 3024 resistentibus
886 2958 1023 3026 flammis
1048 2963 1177 3047 propius

135 3066 299 3149 suggressi
320 3066 384 3129 ictu
405 3065 537 3130 fustium
566 3064 699 3147 aliisque
726 3063 910 3128 verberibus
938 3070 972 3129 ut
997 3065 1080 3130 feras
1107 3066 1177 3133 abs-

137 3170 315 3234 terrebant:
352 3175 511 3253 postremo
541 3168 683 3250 tegmina
714 3168 837 3251 corpori
873 3167 1004 3253 derepta
1033 3171 1175 3254 iniciunt,

138 3280 257 3357 quanto
284 3273 386 3355 magis
412 3272 547 3356 profana
574 3278 605 3336 et
631 3290 690 3335 usu
717 3271 846 3355 polluta,
877 3278 965 3337 tanto
995 3276 1095 3356 magis
1124 3296 1176 3359 op-

137 3397 287 3461 pressura
308 3377 409 3459 ignes.

241 3480 294 3546 58.
329 3480 450 3545 Eodem
477 3500 562 3544 anno
589 3479 788 3543 Ruminalem
815 3479 960 3544 arborem
982 3481 1016 3544 in
1039 3482 1174 3567 comitio,
1250 3498 1293 3543 ac

138 3606 218 3670 quae
242 3584 439 3667 octingentos
461 3590 494 3648 et
516 3584 646 3665 triginta
667 3590 743 3647 ante
766 3603 866 3648 annos
880 3584 972 3648 Remi
987 3585 1174 3670 Romulique
1194 3568 1348 3689 {mm

137 3689 305 3753 infantiam
328 3694 460 3773 texerat,
484 3687 615 3752 mortuis
637 3686 810 3751 ramalibus
834 3693 866 3751 et
880 3694 1042 3752 arescente
1064 3696 1174 3755 trunco
1282 3695 1283 3698 ’

138 3793 333 3858 deminutam
361 3791 497 3875 prodigii
525 3792 595 3855 loco
621 3790 767 3854 habitum
794 3797 851 3874 est,
883 3790 983 3855 donec
1012 3792 1045 3856 in
1074 3813 1175 3858 novos

139 3895 221 3963 fetus
243 3897 455 3961 revivisceret.

188 4009 283 4053 bractea
296 4008 331 4051 bet
344 4006 476 4050 bicatum.
500 4003 760 4059 (tiatirettoqitttelpqtq.)
1054 4003 1070 4051 6
