2984 4275
470 182 495 221 a.
508 168 540 222 U.
553 183 576 221 c.
590 170 677 237 80819.
692 184 717 236 p.
731 168 794 223 Chr.
807 171 878 238 5516.
1153 152 1195 216 63

153 341 212 406 uisi
228 347 310 405 nutu
322 347 379 405 aut
395 361 491 404 manu
508 340 712 426 significasse,
731 344 781 407 vel
797 343 824 407 si
840 345 932 428 plura
947 344 1194 411 demonstranda

154 452 266 527 essent,
288 445 403 527 scripto
418 464 519 525 usum,
542 466 584 510 ne
599 466 710 512 vocem
727 448 929 513 consociaret.
953 449 1071 514 Burrus
1087 470 1194 531 quam·

152 549 199 613 vis
225 568 299 613 reus
325 548 409 614 inter
433 548 555 614 iudices
581 550 774 615 sententiam
802 552 890 616 dixit.
930 553 1122 635 exiliumque
1145 575 1194 619 ac-

152 659 240 717 cusat
242 653 288 717 ori
313 653 494 735 inrogatum
521 660 553 718 ιι
575 655 704 720 tabulae
734 663 866 721 exustae
893 663 966 722 sunt
968 658 1119 739 ,quibus
1141 659 1193 724 ob-

151 756 290 821 litterata
312 756 427 822 aerarii
449 757 579 823 nomina
601 765 648 823 ret
634 759 793 824 rtahebat

255 859 307 924 24.
346 861 425 926 Fine
457 862 535 926 anni
568 862 661 928 statio
691 862 827 928 cohortis
854 862 1002 928 adsidere
1031 865 1115 930 ludis
1145 886 1192 930 so·
1223 880 1358 936 ιιιιιιιιιι

151 964 206 1028 lita
229 963 424 1050 demovetur,
447 985 508 1047 quo
532 967 776 1051 maiorspeeies
798 967 955 1032 libertatis
978 977 1070 1053 esset,
1095 978 1191 1051 utque
1218 950 1358 1066 ''Jufflm

151 1068 242 1134 miles
264 1069 410 1133 theatrali
432 1070 578 1136 licentiae
601 1091 665 1137 non
688 1071 865 1154 permixtus
890 1073 1098 1156 incorruptior
1119 1094 1192 1155 age·
1231 1090 1347 1142 ιἰιιιιτι

151 1180 198 1237 ιιι
220 1180 253 1237 ιι
272 1174 383 1256 plebes
406 1174 497 1238 daret
519 1174 784 1259 experimentum,
808 1197 850 1239 an
873 1176 988 1241 amotis
1011 1177 1192 1243 custodibus
1223 1157 1357 1214 &imm

151 1276 338 1341 modestiam
368 1278 528 1343 retineret.
505 1279 684 1343 turbem
716 1279 885 1363 princeps
893 1281 1039 1346 lustravit
1073 1283 1113 1346 ex
1146 1302 1193 1346 re

151 1399 264 1463 sponso
295 1380 505 1465 haruspicum,
534 1383 618 1463 quod
647 1382 734 1447 Iovis
765 1403 803 1447 ac
832 1384 994 1449 Minervae
1024 1386 1122 1451 aedes
1152 1386 1192 1451 de

151 1484 237 1548 caelo
260 1490 363 1548 tactae
386 1493 484 1551 erant.

252 1691 303 1756 25.
335 1691 372 1768 Q.
396 1692 524 1758 Volusio
546 1694 581 1758 P.
606 1692 753 1777 Scipione
776 1695 958 1760 consulibus
980 1697 1079 1761 otium
1101 1697 1187 1782 foris,
1223 1675 1352 1767 auctuum

147 1794 240 1860 foeda
263 1794 349 1860 domi
371 1796 512 1880 lascivia,
535 1817 599 1879 qua
614 1799 698 1863 Nero
719 1798 836 1862 itinera
858 1799 999 1864 urbist
968 1806 999 1864 ιι
1023 1801 1188 1885 lupanaria
1225 1785 1342 1900 ,Q

147 1899 395 1964 etdeverticula
418 1907 506 1965 veste
474 1902 674 1965 tservili'
665 1922 699 1965 ιιι
722 1901 1007 1969 dissimulationem
1034 1904 1082 1969 sui
1105 1925 1186 1969 com·
1220 1923 1348 1976 manemus

146 2003 264 2086 positus
291 2004 482 2086 pererrabat
510 2005 663 2069 comitant
650 2004 735 2069 tibus
758 2006 813 2086 qui
840 2016 990 2089 raperent
1012 2008 1187 2073 venditioni
1251 2002 1317 2046 Μ

145 2106 291 2191 exposita
322 2113 353 2172 et
340 2107 485 2173 tobviis
512 2108 645 2174 vulnera
675 2109 838 2192 inferrent,
873 2109 1067 2177 adversus
1058 2132 1186 2195 ignaros
1217 2060 1348 2186 tburgabi?

144 2211 299 2296 adeo,t
264 2219 299 2277 ut
325 2212 393 2297 ipse
421 2233 545 2294 quoque
573 2213 733 2297 exciperet
758 2214 839 2279 ictus
866 2223 898 2279 et
926 2235 981 2279 ore
1002 2216 1184 2299 praeferret.
1217 2202 1347 2325 ''Juffll'

145 2264 262 2380 deinde
297 2316 353 2380 ubi
382 2316 549 2384 Caesarem
586 2336 665 2402 esse,
700 2318 754 2399 qui
788 2325 993 2401 grassaretur,
1028 2321 1187 2402 pernotuit

143 2420 407 2502 augebanturque
440 2420 574 2485 iniuriae
608 2400 763 2486 adversus
793 2421 876 2486 viros
910 2422 1109 2506 feminasque
1141 2423 1187 2487 in-

36 2610 40 2619 Ι
144 2524 249 2606 signes
280 2531 312 2587 et
341 2524 471 2605 quidam
497 2525 650 2608 permissa
685 2526 784 2589 semel
817 2525 946 2590 licentia
973 2527 1031 2592 sub
1059 2527 1187 2593 nomine

143 2627 278 2691 Neronis
300 2628 394 2691 inulti
416 2628 550 2711 propriis
572 2650 644 2694 cum
667 2629 771 2712 globis
793 2628 907 2694 eadem
929 2631 1130 2716 exercebant,
1154 2632 1186 2695 in

144 2731 272 2795 modum
305 2730 498 2814 captivitatis
530 2751 594 2796 nox
626 2733 797 2817 agebatur3
828 2733 988 2814 Iuliusque
1018 2734 1187 2801 Montanus

143 2835 292 2899 senatorii
321 2834 451 2916 ordiniS,
479 2836 536 2900 sed
558 2837 612 2918 qui
638 2837 780 2901 nondum
806 2836 958 2902 horrorem
986 2840 1184 2924 capessisset,

143 2958 331 3022 congressus
354 2938 436 3003 forte
460 2959 515 3022 per
536 2942 683 3006 tenebras
711 2961 784 3005 eum
807 2941 959 3026 principe,
989 2943 1063 3023 quia
1086 2944 1118 3007 vi
1140 2950 1185 3008 at·

142 3048 350 3127 temptantem
366 3043 479 3108 acriter
493 3045 682 3127 reppulerat,
708 3044 823 3110 deinde
846 3046 1014 3127 adgnitum
1029 3054 1183 3131 oraverat,

142 3147 230 3227 quasi
259 3147 491 3230 exprobrasset,
521 3146 599 3211 mori
625 3147 759 3213 adactus
789 3155 845 3213 est.
883 3150 967 3214 Nero
990 3156 1099 3214 tamen
1122 3166 1185 3214 me·

142 3251 280 3315 tuentior
303 3251 335 3314 in
357 3257 519 3334 posterum
542 3252 659 3316 milites
681 3251 741 3316 sibi
759 3259 791 3317 ιι
805 3253 972 3336 plerosque
995 3253 1184 3335 gladiatores

141 3354 358 3438 circumdedit,
388 3356 441 3436 qui
463 3355 604 3420 rixarum
627 3355 718 3420 initia
741 3356 865 3421 modica
892 3363 924 3421 et
946 3357 1038 3437 quasi
1060 3357 1183 3441 privata

141 3457 294 3523 sinerent:
322 3459 349 3523 si
371 3479 392 3522 a
414 3459 509 3523 laesis
531 3458 668 3530 validius
696 3466 852 3542 ageretur,
879 3480 970 3523 arma
989 3460 1181 3526 inferebant.

140 3562 295 3626 ludicram
323 3582 447 3643 quoque
475 3562 637 3627 licentiam
664 3571 696 3628 et
718 3564 858 3629 fautores
886 3564 1073 3628 histrionum
1097 3563 1183 3627 velut

139 3664 172 3730 in
199 3665 320 3749 proelia
351 3666 507 3731 convertit
537 3666 716 3749 inpunitate
746 3673 778 3732 et
807 3666 958 3751 praemiis
988 3673 1084 3749 atque
1114 3666 1181 3749 ipse

139 3770 279 3834 occultus
295 3777 327 3834 et
342 3771 528 3853 plerumque
551 3789 658 3835 coram
680 3779 895 3854 prospectans
920 3769 1022 3834 donec
1044 3768 1181 3833 discordi

138 3874 254 3956 populo
282 3880 313 3938 et
339 3873 492 3955 gravioris
519 3880 623 3938 motus
650 3881 767 3939 terrore
797 3895 862 3939 non
891 3872 978 3937 aliud
1005 3871 1180 3936 remedium
