2984 4275
259 135 302 198 42
481 150 531 205 Ab
551 165 679 204 excesssu
697 149 730 203 D.
744 149 871 218 Augusti
889 149 946 202 Xll
964 152 1076 204 49-53.

107 341 220 394 cerauno
364 324 416 390 49.
451 324 528 389 Erat
549 323 771 408 Cappadociae
792 329 975 407 procurator
996 322 1095 387 Iulius
1117 322 1298 405 Paelignus,

102 411 225 526 ''⁰2¹3‘’
260 427 390 511 ignavia
412 428 511 493 animi
537 436 569 492 et
592 427 764 492 deridiculo
790 427 928 511 corporis
954 427 1044 491 iuxta
1067 425 1298 510 despiciendus,
1328 419 1331 426 ’

93 549 233 602 antomon
261 533 318 597 sed
340 532 472 598 Claudio
493 552 647 616 perquam
669 530 843 613 familiaris,
872 550 944 595 cum
966 531 1109 615 privatus
1131 530 1205 596 olim
1227 551 1298 595 con-

86 620 244 734 m‘lffil‘st
261 638 440 702 versatione
463 656 642 702 scurrarum
665 636 749 700 iners
764 635 864 700 otium
879 635 1061 700 oblectaret.
1085 636 1113 700 is
1128 635 1299 717 Paelignus

107 759 224 805 armentu
261 742 388 806 auxiliis
410 741 650 825 provincialium
678 739 846 805 contractis
868 745 1032 823 tamquam
1061 746 1299 823 recuperaturus

106 828 225 952 ὒζξᾶἓξη
261 846 454 926 Armeniam,
489 845 564 909 dum
595 844 694 910 socios
725 844 829 926 magis
859 864 954 928 quam
984 842 1089 908 hostes
1118 843 1298 928 praedatur,

200 977 203 982 ¹
260 951 411 1015 abscessu
433 970 559 1015 suorum
575 954 607 1014 et
620 948 854 1013 incursantibus
877 947 1020 1013 barbaris
1034 947 1184 1031 praesidii
1199 967 1297 1030 egens

258 1054 300 1118 ad
316 1053 534 1118 Radamistum
549 1053 651 1137 venit3
675 1051 829 1136 donisque
851 1052 919 1117 eius
935 1052 1054 1117 evictus
1076 1052 1157 1117 ultro
1176 1051 1299 1133 regium

259 1158 384 1240 insigne
415 1141 556 1222 sumere
575 1157 755 1221 cohortatur
778 1156 977 1239 sumentique
1007 1156 1099 1221 adest
1129 1162 1237 1220 auctor
1266 1161 1298 1220 et

258 1262 394 1326 satelles.
419 1260 503 1342 quod
526 1260 581 1325 ubi
604 1260 688 1344 turpi
710 1260 797 1324 fama
820 1259 1027 1344 divulgatum,
1051 1280 1092 1324 ne
1114 1260 1211 1325 ceteri
1226 1278 1300 1343 quo-

261 1386 322 1450 que
345 1385 386 1430 ex
400 1366 551 1449 Paeligno
575 1365 833 1447 coniectarentur,
857 1363 1024 1429 Helvidius
1038 1364 1162 1428 Priscus
1177 1365 1299 1446 legatus

260 1490 331 1534 cum
364 1469 489 1552 legione
523 1468 666 1553 mittitur,
700 1467 796 1533 rebus
830 1468 964 1534 turbidis
997 1489 1055 1552 pro
1088 1474 1231 1551 tempore
1264 1473 1299 1530 ut

259 1575 443 1638 consuleret.
478 1572 574 1655 igitur
595 1592 729 1657 propere
757 1578 897 1637 montem
920 1573 1059 1637 Taurum
1083 1579 1298 1654 transgressus

260 1677 474 1742 moderatione
507 1678 598 1760 plura
632 1697 727 1760 quam
757 1676 789 1741 vi
827 1683 1057 1760 composuerat,
1092 1696 1164 1740 curn
1196 1675 1298 1740 redire

259 1782 293 1845 in
322 1779 446 1846 Suriam
476 1780 611 1863 iubetur,
646 1800 687 1845 ne
717 1780 841 1844 initium
874 1781 950 1845 belli
983 1779 1137 1846 adversus
1167 1778 1300 1844 Parthos

261 1885 436 1949 exsisteret.

108 2002 223 2056 sutorem
365 1988 416 2053 50.
450 1989 536 2053 Nam
558 1989 733 2069 Vologeses
764 2008 871 2053 casum
901 1987 1103 2052 invadendae
1130 1987 1300 2051 Armeniae

87 2071 242 2194 ζζῗῗξξῆξξ
261 2092 428 2158 obvenisse
453 2099 550 2178 ratus,
583 2113 678 2177 quam
705 2112 725 2157 a
754 2092 923 2158 maioribus
955 2091 1018 2157 suis
1044 2110 1221 2175 possessam
1249 2108 1301 2156 ex-

124 2210 210 2264 ubere
259 2203 367 2263 ternus
388 2218 445 2262 rex
465 2197 585 2280 flagitio
608 2197 774 2280 obtineret,
798 2197 955 2263 contrahit
977 2205 1084 2280 coplas
1106 2196 1299 2279 fratremque

85 2277 242 2394 ww&
259 2302 423 2367 Tiridaten
446 2300 602 2366 deducere
624 2301 658 2366 in
680 2321 815 2383 regnum
837 2308 937 2384 parat,
961 2321 1002 2365 ne
1019 2319 1082 2384 qua
1096 2320 1171 2384 pars
1186 2299 1298 2364 domus

100 2429 122 2463 er
135 2421 227 2465 aarum
259 2405 326 2471 sine
353 2406 484 2489 imperio
511 2412 630 2487 ageret.
670 2405 794 2469 incessu
821 2404 1008 2469 Parthorum
1036 2404 1103 2469 sine
1125 2404 1195 2468 acie
1216 2402 1300 2487 pulsi

101 2488 228 2611 ᾚζζέζῗ
258 2509 378 2593 Hiberi,
409 2510 566 2589 urbesque
588 2509 809 2573 Armeniorum
832 2509 987 2573 Artaxata
1017 2513 1047 2573 et
1073 2507 1300 2591 Tigranocerta

257 2612 367 2694 iugum
394 2632 554 2696 accepere.
594 2612 709 2677 deinde
736 2619 829 2676 atrox
855 2612 956 2677 hiems
983 2618 1015 2677 et
1040 2633 1153 2695 parurn
1179 2612 1298 2696 provisi

257 2723 453 2780 commeatus
475 2721 507 2781 et
522 2722 590 2780 orta
612 2735 652 2780 ex
668 2722 800 2798 utroque
816 2717 908 2781 tabes
929 2716 1108 2800 perpellunt
1118 2716 1298 2797 Vologesen

258 2820 402 2884 omittere
424 2821 613 2904 praesentia.
642 2840 839 2903 vacuamque
862 2841 968 2885 rursus
989 2820 1173 2884 Armeniam
1196 2819 1299 2884 Rada-

258 2924 368 2990 mistus
397 2924 523 3008 invasit,
555 2924 758 2988 truculentior
790 2944 884 3007 quam
915 2931 1020 3008 antea,
1052 2933 1215 3006 tamquam
1245 2922 1299 2987 ad·

257 3047 368 3093 versus
391 3027 567 3093 defectores
590 3035 622 3093 et
644 3029 677 3093 in
700 3033 843 3112 ternpore
870 3029 1086 3094 rebellaturos.
1125 3034 1220 3111 atque
1241 3026 1297 3111 illi,

257 3131 402 3213 quamvis
429 3132 558 3198 servitio
585 3132 676 3217 sueti,
704 3133 891 3216 patientiam
918 3133 1109 3217 abrumpunt
1138 3132 1298 3215 armisque

257 3237 379 3318 regiam
402 3236 663 3301 circumveniunt.

139 3356 182 3399 no
361 3340 413 3408 51.
437 3341 505 3405 Nec
527 3340 614 3404 aliud
630 3339 815 3405 Radamisto
839 3340 1015 3406 subsidium
1038 3341 1098 3405 fuit
1120 3360 1215 3424 quam
1231 3359 1297 3423 per·

99 3423 222 3545 madh?
257 3444 370 3509 nicitas
398 3464 559 3527 equorum,
593 3444 663 3528 quis
691 3464 788 3527 seque
816 3450 848 3508 et
871 3444 1036 3527 coniugem
1063 3443 1200 3509 abstulit.
1240 3443 1298 3508 sed

112 3562 208 3614 cotors
257 3548 394 3612 coniunx
427 3549 562 3631 gravida
594 3548 729 3632 primam
762 3553 932 3630 utcumque
961 3548 1070 3631 fugam
1104 3548 1144 3614 ob
1177 3554 1297 3611 metum

81 3633 237 3753 '‘ffiffll
255 3652 401 3716 hostilem
425 3660 457 3716 et
478 3652 584 3716 mariti
610 3652 774 3717 caritatem
797 3652 958 3738 toleravit,
986 3659 1066 3737 post,
1095 3651 1297 3717 festinatione

255 3756 404 3820 continua
426 3755 482 3820 ubi
505 3756 593 3840 quati
620 3763 728 3821 uterus
751 3762 784 3820 et
801 3757 923 3822 viscera
945 3757 1119 3841 vibrantur,
1151 3775 1239 3820 orare
1261 3761 1296 3819 ut

254 3867 354 3924 morte
383 3860 517 3925 honesta
549 3859 750 3924 contumeliis
781 3860 975 3944 captivitatis
1005 3860 1205 3925 eximeretur.
1241 3858 1296 3923 ille
