2984 4275
118 370 162 414 aut
177 369 256 414 111111

116 1302 182 1346 &etse
196 1301 256 1346 11111

141 1380 167 1424 su
180 1371 229 1416 11111

117 2652 241 2703 1111111111

161 2719 200 2772 tto

110 2794 146 2832 ort
159 2790 252 2844 1111111,

120 2862 169 2910 trab
183 2859 240 2911 thret

131 2926 227 2980 11111111

114 2996 249 3051 18111111τὶ11

157 3066 204 3111 felt.

283 161 327 225 56
504 175 555 229 Ab
575 190 692 228 excessu
709 174 743 227 u.
758 173 886 241 Augusti
904 172 975 228 xur
996 175 1105 227 11-15.
1144 135 1147 139 Δ

390 350 438 415 ll.
478 349 611 415 Claudio
633 348 760 414 Nerone
782 347 817 412 L.
834 346 972 412 Antistio
994 345 1175 411 consulibus
1198 365 1269 409 cum
1292 346 1328 410 in

283 461 354 519 acta
369 453 548 539 principum
570 454 711 517 iurarent
725 452 938 534 magistratus,
961 450 996 514 in
1012 470 1069 514 sua
1083 455 1156 513 acta
1171 450 1327 531 collegam

282 558 457 623 Antistium
479 558 584 621 iurare
608 556 779 641 prohibuit,
807 554 935 638 magnis
956 560 1082 639 patrum
1104 552 1260 634 laudibus,
1288 559 1327 617 11

281 662 427 728 iuvenilis
458 662 582 726 animus
612 661 730 726 levium
761 673 886 741 qnoque
917 679 1021 724 rerum
1051 657 1151 740 gloria
1181 658 1328 722 sublatus

281 766 416 836 maiores
440 766 649 831 continuaret.
688 771 860 845 secutaque
882 763 997 828 lenitas
1024 763 1059 826 in
1082 761 1243 826 Plautium
1264 762 1326 825 La·

281 869 440 952 teranum,
464 890 559 951 quem
586 870 626 934 ob
654 868 845 933 adulterium
874 867 1065 931 Messalinae
1087 865 1196 930 ordine
1219 864 1326 930 demo-

281 980 349 1039 tum
365 973 505 1039 reddidit
515 973 650 1055 senatui,
668 971 869 1037 clementiam
885 990 975 1059 suam
991 968 1191 1051 obstringens
1207 969 1327 1034 crebris

280 1078 484 1163 orationibus,
508 1098 586 1159 quas
602 1076 724 1142 Seneca
739 1075 947 1159 testificando,
973 1093 1069 1156 quam
1085 1074 1218 1138 honesta
1236 1092 1326 1157 prae·

281 1183 407 1267 ciperet,
431 1182 483 1247 vel
504 1181 645 1246 iactandi
667 1180 790 1263 ingenii
811 1199 890 1244 voce
912 1177 1064 1264 principis
1086 1178 1248 1259 vulgabat.

387 1286 436 1350 12.
468 1285 616 1350 Ceterum
638 1284 773 1349 infracta
796 1283 949 1367 paulatim
972 1282 1115 1366 potentia
1138 1281 1248 1345 matris
1271 1280 1324 1345 de·

279 1390 368 1474 lapso
396 1390 524 1454 Nerone
553 1388 587 1452 in
614 1408 755 1453 amorem
781 1387 925 1471 libertae,
957 1386 1009 1450 cui
1030 1386 1219 1451 vocabulum
1241 1385 1323 1449 Acte

278 1494 346 1576 fuit,
370 1494 462 1557 simul
486 1492 662 1577 adsumptis
683 1492 716 1556 in
740 1491 968 1556 conscientiam
982 1491 1024 1555 M.
1041 1489 1167 1554 Othone
1183 1494 1216 1553 et
1230 1488 1322 1553 Olau-

278 1598 329 1662 dio
357 1596 542 1680 Senecione,
572 1596 819 1662 adulescentulis
846 1594 977 1678 decoris,
1006 1613 1139 1675 qnorum
1167 1591 1250 1657 Otho
1278 1591 1325 1657 fa-

277 1701 365 1765 milia
391 1700 556 1783 consulari,
590 1699 722 1765 Senecio
749 1700 864 1765 liberto
891 1698 1036 1764 Caesaris
1065 1705 1155 1782 patre
1184 1696 1321 1779 genitus.

276 1805 390 1888 ignara
412 1812 521 1887 matre,
552 1804 626 1869 dein
649 1804 766 1868 frustra
789 1803 964 1886 obnitente,
992 1801 1119 1885 penitus
1145 1801 1322 1883 inrepserat

276 1929 333 1993 per
362 1909 472 1973 luxum
502 1915 534 1972 et
551 1907 713 1990 ambigua
747 1914 877 1989 secreta,
911 1926 952 1970 ne
984 1905 1159 1970 senioribus
1189 1904 1321 1985 quidem

276 2012 427 2097 principis
457 2012 567 2077 amicis
601 2010 856 2092 adversantibus,
887 2010 1072 2074 muliercula
1101 2009 1190 2073 nulla
1220 2008 1321 2072 cuius·

276 2137 373 2199 quam
394 2116 511 2181 iniuria
534 2115 698 2200 cupidines
721 2114 873 2199 principis
896 2115 1054 2198 explente,
1078 2112 1206 2195 quando
1221 2131 1321 2178 uxore

276 2223 317 2287 ab
345 2220 488 2303 Octavia,
516 2221 616 2286 nobili
643 2220 772 2301 quidem
801 2227 832 2284 et
858 2219 1026 2303 probitatis
1053 2224 1225 2302 spectatae,
1253 2216 1321 2281 fato

275 2327 423 2408 quodam,
447 2347 489 2389 an
512 2325 588 2406 quia
610 2326 795 2409 praevalent
816 2324 947 2406 inlicita,
976 2323 1177 2403 abhorrebat,
1201 2328 1321 2386 metuc-

275 2432 440 2515 baturque,
469 2450 510 2494 ne
532 2430 566 2493 in
589 2436 698 2512 stupra
721 2428 911 2493 feminarum
937 2427 1118 2492 inlustrium
1141 2446 1320 2509 prorumpe-

276 2542 332 2615 ret,
357 2534 385 2599 si
406 2534 462 2597 illa
484 2533 616 2597 libidine
639 2532 867 2616 prohiberetur.

384 2638 433 2701 13.
457 2634 520 2700 Sed
536 2636 713 2720 Agrippina
735 2635 884 2700 liberta-m
899 2636 1067 2715 aemulam,
1090 2654 1204 2697 nurum
1224 2633 1320 2698 ancil-

276 2742 340 2808 lam
363 2740 487 2821 aliaque
511 2740 648 2804 eundem
670 2740 703 2803 in
727 2739 856 2804 modum
880 2738 1075 2803 muliebriter
1097 2738 1241 2822 fremere,
1266 2758 1319 2803 ne·

276 2864 337 2925 que
359 2843 589 2927 paenitentiam
611 2843 666 2908 filii
689 2850 744 2908 aut
766 2843 944 2908 satietatem
966 2843 1111 2925 opperiri,
1135 2848 1317 2922 quantoque

276 2947 417 3012 foediora
439 2948 659 3032 exprobrabat,
684 2948 787 3012 acrius
809 2947 993 3029 accendere,
1024 2946 1124 3010 donec
1146 2945 1180 3009 vi
1202 2945 1318 3010 amoris

275 3051 426 3116 subactus
457 3058 587 3117 exueret
614 3052 801 3132 obsequium
828 3051 862 3114 in
890 3056 1024 3115 matrem
1052 3069 1149 3130 seque
1176 3048 1318 3114 Senecae

275 3154 480 3239 permitteret,
504 3176 544 3219 ex
568 3156 656 3220 cuius
679 3154 889 3219 familiaribus
903 3155 1055 3219 Annaeus
1070 3153 1207 3219 Serenus
1223 3152 1318 3217 simu-

274 3258 392 3323 latione
418 3260 533 3324 amoris
559 3260 710 3324 adversus
734 3258 869 3324 eandem
897 3259 1043 3323 libertam
1070 3258 1189 3342 primas
1211 3257 1316 3321 adule-

274 3363 390 3428 scentis
406 3363 570 3448 cupidines
585 3365 747 3429 velaverat
763 3365 1017 3447 praebueratque
1032 3382 1159 3445 nomen,
1172 3367 1215 3445 ut,
1233 3381 1317 3442 quae

273 3466 420 3551 princeps
447 3467 554 3532 furtim
584 3468 786 3533 mulierculae
814 3466 984 3550 tribuebat,
1011 3466 1067 3530 ille
1094 3467 1200 3550 palam
1222 3464 1317 3547 largi-

273 3577 366 3637 retur.
396 3577 463 3635 tum
486 3572 663 3656 Agrippina
684 3571 786 3637 versis
808 3571 930 3636 artibus
952 3591 1009 3655 per
1030 3569 1249 3635 blandimenta
1270 3568 1316 3632 iu·

259 3687 385 3739 'venem
408 3675 549 3760 adgredi,
573 3696 665 3741 suum
688 3676 792 3760 potius
815 3675 994 3741 cubiculum
1016 3695 1054 3739 ao
1074 3675 1178 3738 sinum
1200 3673 1315 3737 offerre

272 3780 479 3863 contegendis
502 3800 582 3861 qnae
605 3780 707 3864 prima
730 3788 820 3845 aetas
843 3786 875 3843 et
891 3800 1016 3844 summa
1038 3779 1166 3843 fortuna
1188 3784 1315 3861 expete·

270 3891 355 3949 rent:
390 3884 467 3964 quin
501 3891 533 3949 et
566 3885 727 3949 fatebatur
756 3884 1013 3968 intempestivam
1047 3882 1249 3948 severitatem
1282 3888 1314 3945 et
