2984 4275
448 244 472 284 a.
485 230 518 284 U.
531 246 554 284 c.
567 234 626 287 803.
650 246 677 298 p.
691 229 753 283 Olrr.
767 233 808 285 50.
1105 212 1148 277 33

121 422 238 484 pugnae
265 401 421 487 delegere,
453 408 598 487 saeptum
627 402 744 486 agresti
774 423 894 486 aggere
921 411 953 468 et
978 402 1068 468 aditu
1095 424 1147 468 an·
1174 423 1176 428 ⁴

120 513 212 589 gusto,
240 527 280 571 ne
307 508 431 590 peruius
458 507 555 590 equiti
582 506 673 572 foret.
712 527 751 571 ea
778 508 975 573 munimenta
1002 507 1067 572 dux
1089 509 1148 573 Bo·

119 629 232 694 manus,
264 631 456 693 quamquam
477 612 547 675 sine
569 610 681 676 robore
703 610 863 693 legionum
887 611 1019 676 sociales
1041 611 1149 695 copias

119 712 256 798 ducebat,
284 700 486 799 perrumpere
509 714 694 797 adgreditur
716 722 748 779 et
770 714 944 779 distributis
967 714 1147 780 cohortibus

118 823 228 882 turmas
255 839 379 902 quoque
406 819 549 904 peditum
576 819 618 883 ad
646 819 755 883 munia
783 818 930 901 accingit.
968 826 1045 883 tunc
1074 819 1147 883 dato

115 921 199 1005 signo
233 922 432 1007 perfringunt
461 943 612 1006 aggerem
645 923 771 1005 suisque
805 924 950 1006 claustris¹
978 923 1148 1006 impeditos

115 1027 247 1091 turbant.
286 1035 381 1109 atque
412 1027 461 1115 illi
493 1027 685 1092 conscientia
719 1027 899 1092 rebellionis
929 1034 960 1092 et
990 1029 1147 1111 obsaeptis

115 1128 233 1211 effugiis
255 1131 356 1195 multa
378 1138 410 1194 et
433 1132 518 1194 clara
540 1130 682 1195 facinora
704 1131 818 1212 fecere,
850 1151 913 1215 qua
935 1151 1043 1216 pugna
1065 1131 1147 1196 filius

113 1236 205 1317 legati
226 1238 268 1301 M.
293 1236 434 1302 Ostorius
456 1237 574 1302 servati
597 1237 674 1301 ciuis
696 1235 793 1301 decus
817 1237 938 1302 meruit.

211 1340 263 1405 32.
294 1340 438 1405 Ceterum
462 1340 553 1404 clade
575 1340 741 1404 Icenorum
764 1341 929 1425 compositi
952 1341 1005 1424 qui
1027 1342 1146 1406 bellum
1164 1356 1259 1409 ocurrer
1277 1357 1321 1402 unu

112 1442 189 1508 inter
211 1451 242 1509 et
264 1463 376 1528 pacem
403 1444 603 1529 dubitabant,
631 1450 663 1509 et
690 1443 803 1509 ductus
828 1445 862 1508 in
890 1444 1034 1527 Oeangos
1061 1465 1148 1510 exer·
1178 1426 1307 1479 ”mm

113 1548 194 1613 citus.
218 1549 339 1614 uastati
353 1548 432 1631 agri,
456 1549 593 1632 praedae
609 1549 727 1633 passim
742 1556 845 1632 actae,
868 1569 932 1614 non
947 1549 1032 1613 ansis
1047 1549 1147 1613 aciem

113 1649 260 1737 hostibus,
294 1654 345 1717 uel
371 1652 398 1717 si
425 1673 466 1717 ex
493 1653 614 1718 occulto
646 1672 775 1736 carpere
802 1672 916 1735 agmen
944 1660 1146 1736 temptarent,

111 1758 215 1838 punito
245 1756 328 1821 dolo.
367 1741 495 1840 iamque
525 1762 656 1821 ventum
684 1755 771 1820 haud
801 1757 909 1840 procul
939 1756 1028 1841 mari,
1063 1757 1147 1840 quod

109 1858 295 1925 Hiberniam
317 1861 451 1925 insulam
479 1867 631 1945 aspectat,
661 1879 732 1923 cum
755 1866 842 1925 ortae
865 1859 950 1943 apud
978 1861 1148 1943 Brigantas

23 2019 24 2022 ,
110 1963 284 2029 discordiae
299 1971 459 2028 retraxere
474 1964 597 2048 ducem,
621 1963 841 2028 destinationis
856 1971 985 2046 certum,
1009 1985 1050 2028 ne
1065 1985 1148 2029 nova

107 2068 267 2133 moliretur
297 2067 359 2131 nisi
387 2067 542 2153 prioribus
572 2067 714 2132 firmatis.
753 2074 786 2132 et
812 2067 981 2151 Brigantes
1009 2068 1146 2151 quidem,

106 2173 213 2255 paucis
237 2172 293 2257 qui
317 2193 405 2236 arma
431 2172 622 2256 coeptabant
644 2172 829 2255 interfectis
856 2172 890 2235 in
914 2172 1049 2254 reliquos
1071 2172 1148 2236 data

23 2298 24 2361 3
106 2277 208 2358 venia,
238 2277 400 2342 resedere:
432 2276 569 2341 Silurum
597 2297 677 2358 gens
704 2297 768 2341 non
794 2276 969 2355 atrocitate,
997 2296 1061 2340 non
1088 2277 1147 2340 cle-

23 2440 24 2459 ,
107 2382 225 2446 mentia
253 2382 445 2464 mutabatur,
476 2381 551 2464 quin
581 2380 698 2445 bellum
726 2387 887 2445 exerceret
910 2380 1083 2463 castrisque
1105 2380 1147 2445 le-

23 2474 25 2489 ’
105 2483 234 2565 giunum
250 2484 424 2568 premenda
440 2485 529 2555 foret.
553 2484 587 2548 id
603 2505 664 2568 quo
679 2485 854 2569 promptius
868 2484 1000 2567 veniret,
1025 2485 1147 2549 colonia

105 2587 359 2653 Camulodunum
390 2588 497 2653 valida
530 2595 752 2653 veteranorum
785 2610 883 2653 mann
916 2588 1081 2653 deducitur
1112 2588 1146 2652 in

104 2713 196 2774 agros
220 2693 372 2776 captivos,
397 2692 569 2758 subsidium
592 2692 745 2757 adversus
767 2693 902 2757 rebelles
924 2699 956 2757 et
977 2691 1146 2758 inbuendis

103 2797 195 2862 sociis
218 2796 263 2859 ad
286 2796 390 2861 officia
416 2797 531 2879 legum.

209 2900 263 2964 33,
292 2900 375 2965 ltum
397 2900 471 2964 inde
492 2900 526 2964 in
549 2900 677 2983 Siluras,
702 2921 796 2984 super
816 2900 974 2984 propriam
998 2899 1146 2967 ferociam
1179 2913 1226 2966 sus
1242 2923 1307 2966 senen

103 3002 251 3068 Carataci
277 3002 396 3069 viribus
428 3004 570 3087 confisos,
604 3024 696 3087 quem
726 3004 826 3068 multa
855 3004 1015 3087 ambigua,
1046 3005 1146 3069 multa
1165 2983 1319 3106 ᾟῄξξζζξζ·

103 3127 256 3191 prospera
279 3109 467 3190 extulerant,
495 3116 530 3172 ut
553 3115 671 3173 ceteros
698 3107 919 3172 Britannorum
941 3107 1145 3191 imperatores
1182 3123 1300 3168 taratauc

103 3211 329 3294 praemineret.
358 3212 414 3277 sed
436 3219 503 3276 tum
525 3218 595 3276 astu
623 3213 761 3277 locorum
784 3210 895 3276 fraude
918 3211 1011 3296 prior,
1035 3212 1068 3277 vi
1090 3213 1145 3276 mi-

104 3315 197 3380 litum
221 3315 358 3400 inferior,
386 3316 536 3380 transfert
558 3317 677 3381 bellum
699 3316 733 3380 in
756 3315 936 3398 Ordovices,
965 3316 1144 3399 additisque

104 3419 160 3499 qui
189 3439 301 3502 pacem
328 3426 468 3484 nostram
498 3419 692 3502 metuebant,
723 3419 927 3484 novissimum
957 3439 1064 3484 casum
1095 3440 1145 3484 ex-

103 3523 233 3605 peritur,
265 3531 388 3607 sumpto
415 3523 456 3586 ad
484 3524 639 3607 proelium
665 3524 744 3607 loco,
774 3529 806 3587 ut
829 3522 944 3603 aditus,
972 3523 1144 3606 abscessus,

106 3633 223 3690 cuncta
238 3627 329 3691 nobis
344 3627 512 3710 inportuna
533 3634 565 3691 et
581 3627 645 3692 suis
659 3627 692 3690 in
708 3627 819 3691 melius
835 3633 948 3709 essent,
971 3626 1046 3690 hinc
1060 3647 1145 3690 mon-

105 3729 192 3794 tibus
202 3731 318 3812 arduis,
332 3738 363 3795 et
379 3732 481 3815 siqua
496 3732 667 3796 clementer
681 3730 791 3795 accedi
804 3736 959 3814 poterant,
971 3729 1005 3794 in
1017 3730 1145 3795 modum

105 3833 184 3897 valli
205 3854 283 3899 sana
305 3836 484 3919 praestruit.
514 3842 545 3899 et
568 3835 764 3919 praefluebat
786 3835 889 3899 amnis
910 3834 994 3898 vado
1015 3835 1144 3920 incerto,

107 3942 316 4022 catervaeque
338 3946 529 4004 armatorum
551 3960 607 4023 pro
630 3939 834 4004 munimentis
857 3937 1067 4002 constiterant.

160 4047 254 4094 dundee
267 4051 301 4093 brt
313 4049 406 4095 succum
420 4052 447 4092 ll.
464 4051 504 4102 (ot.
512 4050 596 4103 &trumo
604 4050 627 4093 ln
636 4049 727 4103 templu)
1026 4044 1042 4090 3
