2984 4275
298 162 340 226 92
522 178 571 233 Ab
591 194 709 233 excessu
726 179 760 232 D.
773 178 900 247 Augusti
917 177 986 232 XIV
1005 180 1117 233 20-22.

297 352 388 417 ludos
411 353 463 417 edi
486 353 604 435 solitos,
632 353 685 417 vel
711 352 738 417 si
760 348 935 418 vetustiora
962 359 1098 437 repetas,
1127 357 1265 417 stantem
1286 371 1339 435 po

297 457 406 541 pulum
433 456 635 541 spectavisse,
662 476 713 541 ne,
741 457 769 521 si
795 456 972 521 consideret
999 457 1132 540 theatro,
1161 455 1229 520 dies
1255 461 1339 520 totos

297 560 428 643 ignavia
465 559 672 625 continuaret.
718 560 968 644 spectaculorum
1001 559 1129 642 quidem
1166 559 1340 640 antiquitas

298 671 486 749 servaretur,
521 665 669 746 quotiens
703 670 864 749 praetores
897 663 1037 748 ederent,
1071 664 1159 728 nulla
1191 663 1340 744 cuiquam

299 768 415 834 civium
445 768 633 834 necessitate
665 767 815 834 certandi.
855 773 993 833 ceterum
1021 768 1154 833 abolitos
1183 766 1339 851 paulatim

298 874 417 958 patrios
440 893 542 939 mores
565 873 708 939 funditus
731 873 832 938 everti
856 893 914 956 per
935 871 1069 936 accitam
1095 871 1268 952 lasciviam,
1291 876 1337 952 ut,

299 978 384 1059 quod
413 996 549 1059 usquam
579 978 736 1061 corrumpi
766 985 798 1041 et
828 995 1026 1060 corrumpere
1060 981 1165 1059 queat,
1198 975 1232 1038 in
1261 975 1339 1039 urbe

298 1081 429 1166 visatur,
457 1081 692 1165 degeneretque
714 1079 828 1146 studiis
855 1079 995 1145 externis
1021 1079 1179 1161 iuventus,
1207 1098 1340 1162 gymna-

298 1186 346 1250 sia
368 1184 399 1250 et
422 1185 486 1250 otia
514 1192 545 1250 et
567 1192 676 1269 turpes
706 1204 829 1250 amores
857 1182 1043 1266 exercendo,
1071 1182 1213 1267 principe
1240 1188 1273 1247 et
1293 1201 1341 1247 se·

298 1295 377 1354 natu
399 1289 588 1373 auctoribus,
616 1289 668 1369 qui
691 1308 756 1352 non
778 1288 871 1353 modo
900 1288 1061 1353 licentiam
1083 1288 1169 1353 vitiis
1192 1287 1341 1372 permise-

298 1393 371 1475 rint,
396 1392 453 1458 sed
468 1392 534 1457 vim
556 1391 740 1476 adhibeant,
765 1399 799 1456 ut
821 1413 966 1476 proceres
987 1392 1123 1458 Romani
1147 1391 1251 1476 specie
1273 1411 1340 1457 ora·

299 1497 419 1563 tionum
442 1504 474 1562 et
496 1497 671 1561 carminum
697 1516 815 1561 scaena
837 1498 1026 1583 polluantur.
1064 1496 1141 1578 quid
1163 1515 1338 1581 superesse,

298 1599 359 1666 nisi
381 1607 417 1665 ut
437 1621 569 1685 corpora
591 1620 717 1683 quoque
740 1601 862 1666 nudent
885 1609 917 1666 et
938 1607 1061 1667 caestus
1082 1600 1253 1666 adsumant
1273 1618 1341 1664 eas

299 1725 361 1788 que
382 1724 507 1788 pugnas
529 1725 585 1789 pro
609 1704 722 1768 militia
736 1711 769 1769 et
784 1704 880 1770 armis
896 1705 1107 1769 meditentur?
1129 1724 1171 1768 an
1186 1702 1340 1768 iustitiam

298 1817 428 1873 auctum
447 1808 485 1872 iri
501 1815 533 1873 et
548 1808 693 1874 decurias
709 1808 850 1890 equitum
865 1809 1028 1892 egregium
1043 1807 1206 1873 iudicandi
1225 1825 1339 1871 munus

298 1913 410 1977 melius
432 1913 621 1997 expleturos,
646 1912 674 1978 si
695 1912 813 1978 fractos
836 1932 929 1978 sonos
951 1917 983 1977 et
1006 1911 1208 1976 dulcedinem
1224 1930 1338 1975 vocum

298 2017 399 2101 perite
425 2016 613 2082 audissent?
650 2023 761 2083 noctes
789 2036 912 2099 quoque
942 2015 1090 2082 dedecori
1121 2015 1271 2096 adiectas,
1298 2033 1339 2078 ne

186 2122 188 2126 ’
298 2122 384 2204 quod
417 2128 542 2206 tempus
575 2121 686 2207 pudori
719 2121 923 2205 relinquatur,
958 2121 1015 2187 sed
1049 2126 1140 2186 coetu
1173 2118 1338 2204 promisco,

299 2225 383 2309 quod
411 2226 641 2310 perditissimus
668 2226 799 2307 quisque
829 2245 887 2309 per
913 2224 998 2289 diem
1027 2223 1253 2309 concupiverit,
1283 2243 1340 2307 per

298 2331 446 2395 tenebras
469 2330 595 2396 audeat.

178 2444 230 2490 oter
404 2433 456 2499 21.
489 2434 636 2499 Pluribus
662 2433 733 2518 ipsa
754 2433 884 2498 licentia
911 2433 1068 2517 placebat,
1097 2452 1135 2496 ac
1157 2440 1265 2496 tamen
1287 2431 1340 2496 ho

138 2515 270 2639 ,lgm
299 2545 393 2603 nesta
420 2538 549 2602 nomina
574 2535 834 2621 praetendebant.
874 2537 1007 2602 maiores
1034 2555 1161 2618 quoque
1193 2556 1257 2600 non
1287 2536 1340 2600 ab·

299 2642 458 2707 horruisse
481 2641 731 2725 spectaculorum
755 2640 996 2706 oblectamentis
1017 2661 1074 2725 pro
1097 2640 1234 2721 fortuna,
1257 2658 1339 2720 quae

300 2751 367 2810 tum
395 2751 471 2828 erat,
503 2764 603 2827 eoque
630 2767 650 2810 a
676 2745 787 2809 Tuscis
814 2746 932 2810 accitos
958 2744 1135 2826 histriones,
1168 2765 1188 2808 a
1213 2743 1341 2808 Thuriis

257 2878 267 2898 ·
301 2869 451 2931 equorum
479 2848 667 2933 certamina;
702 2854 735 2914 et
766 2868 910 2932 possessa
936 2847 1059 2913 Achaia
1081 2848 1220 2928 Asiaque
1250 2845 1341 2911 ludos

222 2960 230 2976 ⁶
300 2952 438 3018 curatius
460 2952 570 3037 editos,
602 2972 662 3017 nec
684 2972 874 3034 quemquam
901 2954 1022 3018 Romae
1048 2953 1181 3018 honesto
1203 2952 1272 3017 loeo
1295 2971 1341 3016 or-

299 3062 366 3120 tum
389 3054 431 3120 ad
452 3056 624 3122 theatrales
646 3063 731 3122 artes
754 3057 1007 3141 degeneravisse,
1031 3057 1178 3123 ducentis
1200 3057 1264 3120 iam
1286 3077 1340 3120 an·

299 3160 349 3225 nis
371 3181 391 3223 a
412 3160 448 3224 L.
465 3159 609 3224 Mummii
631 3160 799 3245 triumpho,
823 3161 878 3242 qui
900 3161 1019 3245 primus
1040 3160 1075 3224 id
1096 3179 1198 3243 genus
1220 3166 1340 3243 specta-

300 3264 362 3329 culi
383 3265 417 3330 in
439 3265 518 3330 urhe
540 3264 731 3349 praebuerit.
770 3265 826 3329 sed
853 3271 886 3329 et
912 3266 1090 3330 consultum
1116 3264 1337 3349 parsimoniae,

300 3368 384 3450 quod
406 3375 559 3452 perpetua
581 3367 674 3434 sedes
696 3368 820 3433 theatro
842 3369 946 3434 locata
967 3369 1007 3433 sit
1029 3368 1142 3453 potius,
1165 3388 1263 3450 quam
1283 3369 1339 3432 im·

301 3492 410 3538 menso
439 3479 568 3557 sumptu
598 3473 739 3556 singulos
772 3493 829 3556 per
860 3492 959 3537 annos
989 3477 1191 3555 consurgeret
1219 3491 1257 3536 ae
1287 3469 1340 3536 de·
1410 3487 1413 3492 ⁴
1488 3481 1489 3490 ’

300 3583 482 3641 stmeretur.
521 3596 581 3642 neo
602 3576 733 3661 perinde
760 3576 962 3660 magistratus
988 3596 1054 3641 rem
1078 3575 1267 3640 familiarem
1289 3594 1341 3640 ex-

300 3679 467 3747 hausturos
500 3686 555 3745 aut
588 3680 704 3764 populo
737 3680 938 3764 efflagitandi
968 3679 1091 3745 Graeca
1121 3680 1293 3745 conamina
1320 3699 1340 3743 a

300 3784 535 3866 magistratibus
561 3803 689 3848 causam
716 3784 792 3866 fore,
821 3804 892 3849 cum
919 3804 956 3849 eo
983 3791 1111 3871 sumptu
1137 3804 1187 3850 res
1213 3784 1341 3868 pubhoa

300 3886 460 3970 fungatur.
510 3895 669 3952 oratorum
702 3907 740 3952 ae
774 3895 884 3953 vatum
918 3888 1064 3954 victorias
1098 3889 1340 3954 incitamentum
