2984 4275
484 171 663 228 666810.
687 187 713 239 p.
727 169 790 226 err.
804 174 846 226 oo.
1122 154 1182 219 161

249 344 300 410 20.
324 345 509 428 Ambigenti
526 345 655 428 Neroni,
679 365 817 426 quonam
839 344 932 409 modo
954 345 1094 410 noctium
1117 365 1185 410 sua·
1203 344 1349 424 seruaturus

144 469 214 514 rum
237 448 368 530 ingenia
390 455 599 533 notescerent,
622 448 752 513 offertur
767 448 854 530 Silia,
878 448 1077 513 matrimonio
1096 468 1184 514 sena·
1225 413 1336 531 targa

144 553 220 617 toris
247 552 334 618 haud
360 553 469 635 ignota
500 559 531 617 et
556 553 618 636 ipsi
644 552 686 616 ad
712 573 840 618 omnem
869 552 1036 618 libidinem
1062 552 1183 619 adscita
1209 552 1349 633 crascone

143 676 182 721 ac
203 656 351 722 Petronio
373 677 526 741 perquam
549 656 721 722 familiaris.
760 657 866 738 agitur
886 657 920 720 16
943 657 1082 742 exilium,
1106 665 1184 722 tam·
1201 623 1358 745 emaque

143 781 241 842 quam
268 781 333 826 non
359 762 495 827 siluisset
523 782 605 844 quae
632 761 757 827 viderat
786 763 1028 846 pertuleratque,
1059 764 1184 846 proprio

143 865 225 931 odio.
250 873 284 930 at
307 866 480 931 Minucium
502 866 676 931 Thermum
699 872 848 951 praetura
870 865 1013 931 functum
1036 866 1185 948 Tigellini

144 969 359 1036 simultatibus
392 971 490 1055 dedit,
525 971 600 1052 quia
633 971 764 1036 libertus
794 968 922 1035 Thermi
956 970 1115 1052 quaedam
1145 970 1185 1036 de

143 1073 301 1156 Tigellino
330 1075 497 1140 criminose
528 1075 694 1160 detulerat,
725 1095 808 1156 quae
836 1075 1024 1140 cruciatibus
1050 1082 1185 1141 tormen-

144 1182 247 1240 torum
269 1177 347 1262 ipse,
371 1185 523 1261 patronus
546 1179 614 1243 eius
637 1198 715 1242 nece
738 1178 888 1243 inmerito
909 1179 1005 1244 luere.

249 1281 301 1347 21.
336 1282 513 1348 Trucidatis
539 1288 585 1347 tot
611 1282 788 1365 insignibus
809 1281 895 1366 viris,
922 1281 964 1346 ad
990 1290 1185 1366 postremum
1211 1282 1351 1336 l⁰l¹¹¹¹⁸¹¹¹¹⁶

144 1387 231 1451 Nero
270 1386 419 1453 virtutem
457 1388 560 1471 ipsam
598 1386 768 1452 excindere
805 1386 984 1470 concupivit
1019 1387 1185 1454 interfecto
1207 1353 1354 1478 odilla„

143 1491 289 1556 Thrasea
310 1491 409 1556 Paeto
432 1498 464 1556 et
487 1493 591 1556 Barea
613 1490 744 1576 Sorano,
773 1491 848 1555 olim
870 1491 1010 1573 utrisque
1032 1492 1184 1578 infensus,
1264 1503 1301 1539 ⁰¹¹·

145 1601 176 1660 et
191 1594 417 1660 accedentibus
440 1596 542 1661 causis
556 1596 590 1659 in
605 1596 789 1677 Thraseam,
814 1594 898 1676 quod
914 1602 1027 1660 senatu
1042 1617 1186 1680 egressus

145 1707 202 1782 est,
234 1718 307 1764 cum
334 1701 374 1765 de
401 1700 578 1784 Agrippina
605 1700 786 1782 referretur,
817 1706 852 1763 61
875 1701 1058 1785 memoravi,
1090 1702 1186 1783 quod-

145 1823 207 1884 que
229 1804 430 1869 Iuvenalium
452 1804 573 1869 ludicro
596 1824 708 1887 parum
732 1803 1084 1890 spectabilem-operam
1099 1827 1185 1891 prae-

145 1910 274 1992 buerat,
314 1928 413 1990 eaque
451 1909 583 1973 offensio
621 1909 717 1972 altius
754 1908 951 1993 penetrabat,
990 1910 1064 1991 quia
1100 1910 1184 1976 idem

145 2013 288 2078 Thrasea
309 2014 434 2096 Patavi,
457 2014 543 2078 unde
567 2020 652 2078 ortus
677 2019 754 2093 erat,
779 2012 861 2076 ludis
883 2016 904 2093 †
927 2014 1055 2078 cetastis
1077 2016 1185 2080 aTro-

145 2117 219 2182 iano
234 2118 395 2183 Antenore
417 2117 567 2183 institutis
582 2117 693 2183 habitu
709 2116 830 2199 tragico
846 2116 1012 2182 cecinerat.
1038 2117 1090 2184 die
1112 2139 1185 2201 quo-

63 2221 64 2225 ’
146 2242 217 2306 quc,
249 2242 312 2305 quo
334 2230 461 2307 praetor
482 2222 636 2287 Antistius
663 2223 704 2287 ob
727 2222 844 2306 probra
865 2221 899 2285 in
921 2223 1082 2287 Neronem
1104 2244 1185 2289 com·

145 2329 249 2413 posita
271 2327 313 2391 ad
336 2334 470 2393 mortem
492 2327 715 2412 damnabatur,
746 2327 871 2391 mitiora
894 2326 1016 2391 censuit
1039 2327 1185 2392 obtinuit·

146 2453 224 2517 que,
249 2438 281 2496 et
297 2452 368 2497 cum
384 2432 479 2496 deum
494 2433 629 2497 honores
643 2431 1049 2515 Poppaeaeueeernuntur,
1073 2439 1184 2516 sponte

145 2539 273 2619 absens,
296 2536 400 2602 funeri
422 2556 485 2601 non
508 2535 702 2601 interfuerat.
728 2556 809 2617 quae
826 2536 998 2602 oblitterari
1022 2556 1085 2600 non
1105 2536 1184 2601 sinc-

145 2641 200 2705 bat
214 2640 326 2724 066110
342 2641 556 2725 Cossutianus,
580 2647 705 2725 praeter
724 2640 867 2704 animum
889 2639 931 2704 ad
954 2640 1075 2724 flagitia
1097 2661 1184 2725 prae-

145 2746 274 2830 cipitem
300 2746 427 2827 iniquus
454 2745 625 2830 Thraseae,
662 2745 745 2826 quod
773 2745 958 2810 auctoritate
984 2746 1052 2810 eius
1085 2745 1185 2811 conci-

145 2850 252 2935 disset,
275 2850 414 2914 iuvantis
429 2850 562 2915 Cilicum
584 2850 716 2933 legatos,
740 2849 816 2914 dum
831 2848 1016 2933 Capitonem
1039 2857 1185 2935 repetun-

144 2954 257 3019 darum
279 2954 484 3036 interrogant.

249 3058 301 3125 22.
337 3058 421 3134 Quin
449 3066 480 3122 et
507 3058 562 3122 illa
589 3057 777 3142 obieetabat,
808 3056 960 3141 principio
986 3059 1062 3122 anni
1084 3059 1185 3124 vitare
1210 3074 1278 3120 eeroe
1291 3075 1349 3121 neoc

143 3165 322 3228 Thraseam
345 3163 496 3227 sollemne
517 3162 567 3226 ius
585 3161 772 3244 iurandum3
796 3162 1085 3245 nuncupationibus
1099 3171 1184 3227 voto·
1216 3156 1351 3268 „Qum

143 3290 215 3334 rum
229 3287 295 3332 non
310 3267 432 3346 adesse,
457 3266 602 3349 quamvis
618 3265 892 3347 quindecimvirali
906 3265 1082 3331 sacerdotio
1097 3287 1185 3351 prae-

144 3374 262 3457 ditum,
293 3391 467 3453 numquam
495 3391 551 3455 pro
573 3372 676 3435 salute
698 3370 849 3454 principis
876 3377 932 3434 aut
956 3369 1085 3436 caelesti
1107 3390 1185 3436 voce

143 3477 374 3563 immolavisse,
401 3476 567 3541 adsiduum
597 3476 671 3541 olim
695 3482 726 3541 et
747 3475 951 3558 indefessum,
975 3475 1030 3557 qui
1051 3476 1185 3559 vulgari·

143 3583 203 3648 bus
226 3600 351 3665 quoque
372 3587 498 3665 patrum
521 3581 672 3647 consultis
694 3588 794 3646 semet
820 3580 976 3645 fautorem
998 3587 1054 3643 aut
1076 3580 1184 3646 adver-

144 3686 263 3751 sarium
285 3685 473 3768 ostenderet,
497 3686 631 3750 triennio
654 3706 719 3751 non
741 3685 886 3751 introisse
909 3684 1046 3770 curiam,
1073 3705 1184 3768 nuper-

144 3791 295 3872 rimeque,
320 3808 391 3854 cum
407 3789 449 3854 ad
468 3789 658 3855 coercendos
673 3788 818 3854 Silanum
834 3796 866 3854 et
877 3790 1027 3853 Veterem
1043 3789 1183 3853 certatim

145 3900 391 3977 concurreretur,
415 3894 546 3978 privatis
562 3894 664 3978 potius
680 3894 841 3958 clientium
857 3892 992 3975 negotiis
1007 3891 1183 3957 vacavisse.

198 4006 298 4049 11666166
311 4006 348 4052 bet
361 4005 459 4051 suerrus.
482 4006 510 4049 11.
533 4005 571 4057 (o.
577 4005 661 4059 11666166
670 4004 693 4048 16
701 4005 795 4058 1616616.)
1049 4000 1079 4046 11
