2984 4275
267 149 330 214 102
489 165 538 220 Ab
558 180 675 220 excessu
691 165 724 219 D.
738 165 866 234 Augusti
883 164 954 220 XIV
972 166 1084 221 39-44.

266 358 331 403 non
348 338 476 403 inritato
495 338 584 403 hoste
601 357 704 419 neque
720 337 884 402 lacessitus
901 337 1069 402 honestum
1088 336 1175 422 pacis
1190 357 1308 402 nomen

267 444 358 525 segni
381 442 613 525 otioinposuit.

371 546 424 610 40.
459 544 580 610 Eodem
602 565 686 610 anno
708 545 828 609 Romae
850 544 990 627 insignia
1011 544 1141 629 scelera,
1172 545 1308 608 alterum

235 649 243 669 '
269 649 433 732 senatoris,
450 649 558 714 servili
573 648 709 718 alterum
723 647 867 730 audacia,
891 648 1031 713 admissa
1045 653 1127 713 sunt.
1150 648 1308 712 Domitius

268 754 388 819 Balbus
411 759 479 818 crat
500 753 684 835 praetorius,
712 751 806 816 simul
828 752 924 833 longa
946 758 1083 834 senecta,
1112 751 1205 816 simul
1227 750 1307 815 orbi·

267 865 335 923 tate
357 863 389 922 et
410 857 545 940 pecunia
566 855 689 921 insidiis
711 855 875 920 obnoxius.
900 855 930 919 ei
952 856 1145 938 propinquus
1161 855 1307 921 Valerius

268 962 437 1043 Fabianus,
460 960 662 1044 capessendis
676 959 847 1024 honoribus
862 959 1046 1042 destinatus,
1061 959 1202 1025 subdidit
1215 967 1308 1024 testa·

267 1072 411 1131 mentum
432 1064 560 1129 adscitis
574 1063 698 1129 Vinicio
720 1062 835 1127 Rufino
855 1068 887 1126 et
901 1063 1051 1128 Terentio
1065 1063 1201 1129 Lentino
1223 1064 1308 1143 equi-

267 1169 352 1234 tibus
374 1168 535 1232 Romanis,
573 1167 619 1231 illi
641 1168 815 1231 Antonium
838 1167 978 1230 Primum
1005 1175 1037 1232 et
1059 1168 1206 1232 Asinium
1227 1167 1306 1231 llar-

204 1262 206 1265 ’
268 1272 383 1337 cellum
398 1272 603 1337 sociaverant.
627 1271 784 1336 Antonius
799 1272 934 1336 audacia
948 1277 1121 1355 promptus,
1138 1270 1306 1335 Marcellus

266 1375 376 1441 Asinio
399 1376 540 1439 Pollione
567 1394 685 1459 proavo
708 1375 812 1440 clarus
834 1393 939 1455 neque
962 1393 1085 1438 morum
1111 1373 1307 1457 spernendus

266 1480 454 1564 habebatur,
482 1479 543 1544 nisi
565 1478 650 1562 quod
677 1485 897 1563 paupertatem
924 1479 1129 1561 praecipuum
1151 1478 1307 1541 malorum

266 1583 428 1649 credebat.
463 1583 561 1666 igitur
582 1582 744 1648 Fabianus
767 1581 895 1648 tabulas
917 1582 1056 1666 adscitis,
1085 1601 1165 1663 quos
1192 1601 1309 1645 memo-

267 1687 345 1770 ravi,
366 1693 399 1751 et
414 1686 484 1751 aliis
500 1688 603 1752 minus
616 1686 801 1751 inlustribus
816 1686 971 1768 obsignat,
996 1684 1081 1768 quod
1095 1684 1181 1769 apud
1202 1691 1309 1767 patres

267 1791 456 1874 convictum,
486 1797 518 1855 et
540 1791 701 1855 Fabianus
723 1789 942 1871 Antoniusque
965 1809 1037 1854 cum
1059 1788 1173 1853 Rufino
1196 1796 1228 1853 et
1250 1789 1309 1852 Te·

266 1895 369 1960 rentio
391 1895 463 1977 lege
476 1893 622 1958 Cornelia
643 1893 846 1957 damnantur.
870 1893 1054 1957 Marcellum
1070 1890 1222 1956 memoria
1244 1911 1308 1955 ma·

266 2000 368 2063 iorum
395 2006 427 2063 et
453 2017 562 2083 preces
588 1997 733 2063 Caesaris
760 2016 882 2082 poenae
910 1996 1012 2079 magis
1034 2015 1131 2077 quam
1156 1994 1309 2059 infamiae

267 2122 424 2168 exemere.

107 2203 236 2318 ”tiabit
372 2208 425 2271 41.
459 2206 596 2271 Perculit
621 2206 649 2271 is
675 2205 744 2270 dies
771 2205 957 2289 Pompeium
979 2223 1104 2286 quoque
1126 2203 1306 2285 Aelianum,

104 2341 242 2394 pagum
267 2310 415 2376 iuvenem
431 2310 653 2394 quaestorium,
676 2316 842 2390 tamquam
863 2307 1056 2390 flagitiorum
1077 2306 1212 2372 Fabiani
1231 2325 1307 2388 gna-

267 2434 347 2497 rum,
375 2415 467 2495 cique
489 2413 581 2477 Italia
609 2419 640 2477 et
662 2413 826 2496 Hispania,
853 2412 887 2475 in
910 2431 974 2492 qua
1001 2418 1086 2476 ortus
1109 2418 1187 2493 erat,
1214 2409 1309 2474 inter-

268 2518 388 2583 dictum
415 2526 471 2582 est.
507 2517 576 2600 pari
602 2517 778 2599 ignominia
800 2507 946 2580 Valerius
971 2515 1122 2580 Ponticus
1151 2513 1308 2595 adficitur,

267 2620 352 2703 quod
382 2641 463 2704 reos,
494 2641 535 2686 ne
566 2619 651 2704 apud
680 2619 875 2705 praefectum
905 2620 991 2685 urbis
1020 2624 1234 2701 arguerentur,
1265 2617 1310 2680 ad

267 2731 445 2809 praetorem
472 2723 645 2808 detulisset,
675 2723 803 2788 interim
833 2723 937 2806 specie
968 2724 1086 2805 legum,
1118 2741 1192 2786 mox
1221 2740 1309 2804 prae-

267 2826 438 2893 varicando
467 2828 621 2892 ultionem
650 2828 802 2892 clusurus.
841 2819 980 2891 additur
995 2831 1123 2891 senatus
1153 2825 1307 2908 consulto,

267 2931 322 3013 qui
355 2932 452 2995 talem
489 2952 618 3015 operam
656 2931 856 3014 emptitasset
889 2929 1136 3012 vendidissetve,
1173 2927 1308 3013 perinde

267 3054 371 3120 poena
398 3041 559 3100 teneretur
585 3054 623 3099 ac
653 3034 780 3118 publico
809 3034 926 3098 iudicio
957 3033 1135 3098 calumniae
1162 3031 1309 3097 condem-

268 3145 371 3204 natus.

107 3243 242 3294 morcaro
370 3243 423 3309 42.
458 3242 554 3307 Haud
581 3243 678 3307 multo
705 3248 777 3325 post
798 3241 938 3325 praefect
940 3261 993 3304 um
1019 3241 1106 3306 urbis
1132 3238 1309 3304 Pedanium

87 3312 252 3448 ,ww
269 3346 470 3446 Secundum
463 3365 582 3412 :servus
608 3346 706 3429 ipsius
728 3347 777 3409 int
764 3345 897 3428 terlecit,
874 3351 982 3410 tseu
1008 3351 1126 3427 negata
1152 3344 1308 3428 libertate,

107 3435 223 3511 cuma.
256 3453 350 3518 cu'i
340 3435 487 3535 pretium
515 3450 690 3534 pepigerat,
721 3450 789 3514 sive
818 3470 927 3514 amore
956 3449 1110 3514 exoleti
1047 3455 1248 3513 trucensus
1276 3455 1310 3511 et

98 3581 171 3648 2:53
189 3585 224 3640 ς’
239 3556 455 3655 sdoddntm
461 3554 622 3635 aemulum
651 3574 714 3618 non
744 3554 891 3618 tolerans
930 3560 1071 3617 ceterum
1101 3572 1173 3616 cum
1199 3557 1309 3615 vetere

41 3649 107 3696 :·..
125 3647 148 3693 ³'
162 3649 171 3694 ³
186 3665 200 3693 ⁵
242 3663 309 3724 '·ex
333 3643 426 3724 more
440 3657 594 3722 familiam
617 3678 753 3740 omnem,
784 3676 866 3738 quae
892 3657 951 3721 sub
974 3655 1128 3721 eodemt
1114 3661 1197 3720 tecto
1219 3673 1309 3718 man·

267 3764 427 3844 citaverat,
405 3762 501 3826 atd
522 3761 711 3845 supplicium
737 3760 792 3844 agi
818 3766 984 3844 oporteret
1015 3778 1168 3825 concursu
1194 3757 1309 3842 plebis,

267 3885 350 3947 quae
366 3873 412 3930 tot
426 3866 571 3930 innoxios
586 3865 782 3948 protegebat,
799 3884 899 3946 usque
914 3864 956 3928 ad
970 3863 1159 3929 seditionem
1174 3868 1308 3928 ventum
