2984 4275
243 243 249 252 ι
305 152 347 258 55}
524 169 575 225 Ab
594 185 710 225 excessu
728 170 762 224 D.
775 170 902 240 Augusti
920 170 993 225 XIII
1013 174 1123 227 15-18.

304 344 367 409 levi
398 344 526 426 quidem
559 345 776 429 experimento
810 364 910 429 nuper
940 346 1108 428 cognitam,
1142 365 1205 427 quo
1238 351 1344 410 tamen

305 447 447 514 favorem
477 450 541 514 late
571 449 790 532 quaesivisset.
835 449 925 514 festis
954 448 1091 514 Saturno
1121 448 1233 513 diebus
1262 447 1346 512 inter

304 552 368 616 alia
390 552 571 635 aequalium
594 552 718 617 ludicra
739 573 873 637 regnum
896 553 966 617 lusu
985 552 1181 617 sortientium
1195 558 1345 617 evenerat

304 677 344 721 ea
370 676 436 722 sors
458 657 587 754 Neroni.
625 658 721 740 igitur
743 653 858 723 ceteris
885 657 1011 723 diversa
1037 677 1097 721 nec
1123 656 1270 721 ruborem
1292 654 1345 719 ad·

304 761 420 826 latura:
445 761 500 826 ubi
522 761 704 828 Britannico
726 761 825 846 iussit,
839 767 1022 843 exsurgeret
1043 779 1289 845 progressusque
1311 759 1343 823 in

303 864 442 929 medium
467 871 595 929 cantum
611 865 751 946 aliquem
774 865 937 949 inciperet,
959 865 1091 929 inrisum
1107 885 1148 929 ex
1163 882 1200 928 eo
1216 883 1345 948 sperans

302 969 392 1053 pueri
415 969 535 1034 sobrios
557 989 683 1051 quoque
707 970 881 1050 convictus,
905 969 1023 1034 nedum
1046 969 1237 1034 temulentos
1259 968 1346 1050 igno-

302 1072 412 1154 rantis,
435 1073 488 1137 ille
511 1080 695 1138 constanter
716 1093 847 1139 exorsus
869 1079 917 1138 est
939 1093 1077 1156 carmen,
1101 1091 1163 1154 quo
1185 1072 1346 1136 evolutum

303 1196 374 1241 eum
404 1176 480 1241 sede
507 1177 609 1261 patria
636 1177 793 1258 rebusque
821 1178 953 1242 summis
976 1176 1223 1259 significabatur.
1261 1175 1346 1240 unde

303 1287 371 1345 orta
399 1280 560 1345 miseratio
586 1280 792 1365 manifestior,
821 1282 897 1363 quia
922 1269 1205 1346 dissimulationem
1227 1299 1291 1343 nox
1315 1286 1345 1344 et

302 1384 434 1448 lascivia
457 1392 628 1449 exemerat.
653 1385 737 1450 Nero
757 1386 923 1450 intellecta
937 1385 1059 1450 invidia
1073 1384 1180 1449 odium
1196 1384 1344 1464 intendit3

302 1487 573 1571 urguentibusque
589 1489 785 1573 Agrippinae
800 1489 903 1572 minis,
928 1489 1137 1570 quianullum
1154 1488 1273 1552 crimen
1295 1506 1346 1550 ne-

303 1611 365 1673 que
380 1591 490 1657 iubere
511 1591 642 1657 caedem
659 1593 764 1657 fratris
786 1593 894 1676 palam
909 1592 1059 1674 audebat,
1083 1592 1205 1657 occulta
1221 1591 1347 1656 molitur

303 1695 471 1778 pararique
498 1716 657 1761 venenum
685 1696 781 1781 iubet,
813 1697 955 1762 ministro
982 1697 1122 1761 Pollione
1151 1695 1232 1760 Iulio
1260 1714 1347 1780 prae·

304 1799 403 1864 toriae
431 1799 566 1864 cohortis
593 1800 731 1882 tribuno,
760 1801 849 1864 euius
876 1820 951 1864 cura
978 1799 1174 1865 attinebatur
1195 1797 1348 1863 damnata

304 1902 448 1967 veneficii
470 1902 597 1968 nomine
619 1904 766 1987 Locusta,
790 1905 890 1969 multa
912 1903 1068 1968 scelerum
1089 1902 1186 1967 fama.
1214 1922 1291 1967 nam
1314 1910 1348 1966 ut

305 2006 465 2092 proximus
480 2007 613 2088 quisque
628 2008 812 2074 Britannico
835 2028 939 2089 neque
962 2008 1011 2073 fas
1026 2028 1129 2089 neque
1144 2007 1241 2071 fidem
1257 2006 1348 2091 pensi

305 2111 447 2194 baberet,
471 2112 544 2177 olim
569 2112 728 2196 provisum
752 2118 827 2178 erat.
866 2112 1002 2198 primum
1025 2131 1185 2177 venenum
1206 2111 1248 2175 ab
1271 2109 1348 2194 ipsis

306 2215 527 2281 educatoribus
561 2219 684 2301 accepit
717 2217 916 2298 tramisitque
949 2217 1095 2281 exsoluta
1128 2216 1202 2280 alvo
1235 2234 1348 2300 parum

306 2320 455 2402 validum,
477 2320 546 2386 sive
569 2329 856 2405 temperamentum
879 2322 990 2403 inerat,
1014 2340 1055 2384 ne
1071 2319 1179 2385 statim
1201 2319 1346 2384 saeviret.

305 2425 362 2488 sed
384 2425 470 2489 Nero
492 2424 568 2488 lenti
591 2425 718 2490 sceleris
740 2426 901 2508 inpatiens
917 2424 1056 2488 minitari
1078 2424 1213 2506 tribuno,
1237 2421 1347 2487 iubere

306 2527 493 2611 supplicium
524 2528 701 2612 veneficae,
736 2529 834 2613 quod,
870 2529 945 2593 dum
979 2547 1135 2593 rumorem
1165 2525 1347 2610 respiciunt,

306 2631 382 2696 dum
415 2637 530 2715 parant
559 2631 769 2716 defensiones,
805 2633 1006 2697 securitatem
1037 2637 1243 2696 morarentur.
1281 2650 1348 2713 pro·

306 2734 503 2800 mittentibus
524 2735 599 2800 dein
622 2743 688 2800 tam
715 2737 920 2821 praecipitem
948 2756 1069 2818 necem,
1097 2754 1194 2817 quam
1216 2734 1244 2799 si
1266 2732 1348 2797 ferro

307 2845 500 2922 urgueretur,
515 2840 694 2905 cubiculum
709 2840 853 2905 Caesaris
874 2840 964 2903 iuxta
986 2839 1172 2920 decoquitur
1194 2838 1279 2903 virus
1302 2857 1350 2901 co·

307 2942 403 3025 gnitIs
425 2949 521 3007 antea
542 2944 675 3009 venenis
697 2943 853 3028 rapidum.

133 3064 291 3110 susannense
415 3046 465 3110 16.
503 3048 572 3112 Mos
599 3046 779 3113 habebatur
800 3046 977 3132 principum
1005 3046 1120 3111 liberos
1142 3066 1215 3110 cum
1237 3043 1350 3109 ceteris

144 3135 282 3255 ,ffifjssu
307 3150 393 3215 idem
415 3150 528 3216 aetatis
551 3151 711 3216 nobilibus
733 3150 881 3215 sedentes
902 3151 992 3216 vesci
1016 3151 1050 3214 in
1073 3156 1205 3234 aspectu
1226 3148 1350 3233 propin·

159 3272 269 3326 orrtauu
308 3274 441 3336 quorum
464 3255 590 3339 propria
613 3261 645 3320 et
667 3255 810 3339 parciore
833 3274 952 3319 mensa.
977 3255 1041 3318 illic
1056 3255 1205 3338 epulante
1228 3252 1350 3317 Britan·

133 3342 190 3387 ”²¹³¹
206 3341 290 3393 mist·
307 3359 388 3443 nico,
412 3358 486 3440 quia
509 3360 595 3424 cibos
617 3366 775 3443 potusque
791 3359 857 3423 eius
873 3358 1014 3423 delectus
1036 3377 1077 3422 ex
1092 3357 1241 3422 ministris
1255 3363 1350 3438 gustu

307 3464 503 3547 explorabat,
527 3483 567 3528 ne
583 3463 779 3528 omitteretur
794 3463 973 3527 institutum
996 3469 1052 3526 aut
1074 3464 1237 3543 utriusque
1251 3467 1351 3525 morte

307 3567 492 3651 proderetur
514 3567 625 3650 scelus,
649 3568 721 3631 talis
742 3566 833 3631 dolus
854 3573 998 3650 repertus
1014 3572 1071 3631 est.
1094 3565 1226 3632 innoxia
1247 3564 1352 3629 adhuc

307 3692 345 3736 ac
368 3671 549 3755 praecalida
575 3679 607 3736 et
635 3671 735 3736 libata
763 3677 857 3753 gustu
885 3670 972 3754 potio
999 3670 1134 3735 traditur
1155 3668 1351 3752 Britannico;

308 3776 391 3861 dein,
415 3782 581 3860 postquam
604 3774 727 3840 fervore
743 3775 983 3860 aspernabatur,
1007 3774 1179 3858 frigidam
1201 3792 1285 3855 aqua
1300 3773 1352 3836 ad-

308 3878 451 3945 funditur
473 3899 641 3962 venenum,
673 3879 759 3961 quod
782 3878 826 3943 ita
849 3885 980 3943 cunctos
1003 3878 1071 3944 eius
1093 3885 1180 3942 artus
1203 3875 1351 3960 pervasit,
