2984 4275
305 146 367 212 132
536 162 586 217 Ab
605 177 719 218 excessu
737 161 771 217 D.
785 162 911 232 Augusti
928 162 984 217 XV
1002 166 1114 221 38—41.

131 355 283 412 generatura
409 337 460 403 38.
485 337 634 420 Sequitur
649 337 763 420 clades,
787 336 926 403 fortean
941 338 1013 404 dolo
1027 336 1177 421 principis
1189 337 1346 402 incertum

158 426 182 471 ¹¹¹
195 425 261 471 m·
307 440 395 526 (narn
417 448 584 525 utrumque
607 449 753 506 auctores
775 441 967 527 prodidere),
998 442 1054 507 sed
1076 441 1230 523 omnibus,
1262 460 1345 522 quae

306 544 380 610 huic
394 546 464 611 urbi
478 565 536 630 per
550 545 734 611 violentiam
754 544 876 628 ignium
891 545 1083 628 acciderunt,
1106 545 1234 627 gravior
1248 551 1345 627 atque

306 649 448 714 atrocior.
485 649 610 714 initium
632 650 664 714 in
689 669 728 714 ea
751 655 840 734 parte
863 649 936 714 circi
958 657 1070 732 ortum,
1095 669 1177 732 quae
1198 648 1344 723 Palatino

306 753 475 835 Caelioque
491 754 650 818 montibus
665 754 815 836 contigua
830 759 888 836 est,
908 753 961 818 ubi
977 773 1035 837 per
1049 754 1207 836 tabernas,
1232 752 1347 834 quibus

305 865 338 923 et
354 858 592 923 mercimonium
614 857 725 941 inerat,
750 877 812 939 quo
827 856 957 922 flamma
978 857 1080 942 alitur,
1104 857 1196 921 simul
1217 863 1349 941 coeptus

305 963 389 1045 iguis
411 968 444 1026 et
465 961 574 1026 statim
597 961 722 1026 validus
746 981 784 1026 ao
799 967 893 1026 vento
916 961 997 1027 citus
1018 961 1249 1044 longitudinem
1272 961 1349 1025 circi

304 1061 465 1149 corripuit.
510 1084 613 1148 neque
643 1066 726 1130 enim
759 1065 872 1130 domus
901 1065 1106 1130 munimentis
1135 1071 1267 1148 saeptae
1297 1066 1349 1130 vel

307 1170 426 1252 templa
453 1169 549 1234 muris
576 1170 679 1234 cincta
705 1175 762 1233 aut
783 1168 859 1250 quid
880 1168 967 1233 aliud
996 1189 1101 1234 morae
1130 1168 1348 1234 interiacebat.

307 1273 429 1356 impetu
450 1279 659 1358 pervagatum
681 1273 865 1339 incendium
888 1274 985 1357 plana
1007 1274 1152 1358 primum,
1177 1272 1292 1337 deinde
1314 1273 1349 1337 in

309 1377 395 1442 edita
427 1376 603 1459 adsurgens
633 1383 664 1441 et
694 1396 801 1441 rursus
830 1376 980 1442 inferiora
1009 1377 1202 1461 populando,
1237 1378 1350 1441 anteiit

308 1480 450 1547 remedia
471 1482 638 1546 velocitate
665 1481 741 1545 mali
769 1489 801 1545 et
823 1482 961 1546 obnoxia
982 1482 1061 1546 urbe
1083 1482 1159 1546 artis
1180 1481 1350 1546 itineribus

309 1584 436 1668 hucque
458 1590 491 1649 et
504 1584 579 1650 illuc
600 1584 692 1650 flexis
714 1592 811 1669 atque
834 1585 1015 1651 enormibus
1030 1586 1118 1671 vicis,
1142 1586 1244 1668 qualis
1258 1592 1352 1650 vetus

310 1690 411 1754 Roma
433 1688 501 1754 fuit.
539 1689 581 1754 ad
603 1689 663 1755 hoc
684 1690 824 1755 lamenta
852 1691 1037 1774 paventium
1059 1690 1260 1773 feminarum,
1291 1689 1352 1754 fes·

311 1812 415 1858 sorum
445 1799 551 1858 aetate
579 1799 635 1857 aut
664 1793 752 1858 rudis
780 1794 933 1877 pueritiae
962 1794 1116 1877 anxietas,
1147 1793 1264 1875 quique
1290 1794 1352 1858 sibi

312 1896 428 1980 quique
450 1897 521 1962 aliis
544 1898 760 1982 consulebant,
788 1898 865 1963 dum
887 1898 1017 1963 trahunt
1043 1897 1199 1963 invalidos
1221 1903 1276 1961 aut
1298 1917 1351 1980 op-

312 2002 484 2087 periuntur,
507 2022 582 2086 pars
598 2021 694 2087 mora,
718 2021 793 2086 pars
808 2001 973 2087 festinans,
994 2008 1108 2067 cuncta
1122 2000 1353 2085 impediebant.

312 2112 344 2171 ei
358 2125 463 2191 saepe,
487 2105 562 2171 dum
584 2106 618 2170 in
634 2112 760 2190 tergum
782 2112 972 2191 respectant,
995 2106 1151 2172 lateribus
1173 2111 1230 2171 aut
1250 2104 1355 2171 fronte

313 2210 649 2295 circumveniebantur,
672 2212 725 2275 vel
749 2212 776 2276 si
791 2212 825 2275 in
839 2211 984 2295 proxima
1003 2217 1179 2292 evaserant,
1202 2210 1265 2274 illis
1280 2230 1355 2291 quo

314 2335 375 2398 que
397 2315 463 2398 igni
486 2316 646 2400 correptis,
675 2315 770 2379 etiam
794 2334 876 2397 quae
898 2314 1070 2398 longinqua
1097 2314 1299 2379 crediderant
1321 2314 1355 2378 in

313 2419 426 2484 eodem
452 2438 535 2483 casu.
554 2418 765 2503 reperiebant.
810 2425 977 2504 postremo,
1009 2418 1085 2502 quid
1111 2420 1248 2483 vitarent
1278 2417 1356 2500 quid

312 2529 467 2607 peterent,
483 2523 633 2606 ambigui,
651 2523 809 2608 complere
821 2523 899 2605 vias,
915 2524 1014 2587 sterni
1028 2543 1085 2606 per
1099 2542 1206 2606 agros,
1225 2522 1356 2605 quidam

314 2627 438 2692 arnissis
460 2626 605 2692 omnibus
627 2626 770 2706 fortunis,
795 2627 898 2691 diurni
916 2646 1045 2708 quoque
1067 2628 1178 2709 victus,
1202 2626 1257 2690 alii
1280 2627 1356 2691 cari-

314 2738 380 2796 tate
403 2750 538 2815 suorum,
563 2750 641 2813 quos
664 2732 784 2815 cripere
806 2731 1023 2813 nequiverant,
1052 2732 1198 2813 quamvis
1219 2737 1356 2814 patente

316 2834 431 2917 effugio
446 2834 602 2899 interiere.
626 2854 686 2899 nee
701 2834 868 2917 quisquam
884 2833 1055 2899 defendere
1069 2834 1217 2917 audebat,
1235 2834 1357 2899 crebris

316 2939 487 3004 multorum
516 2938 610 3003 minis
639 2939 835 3022 restinguere
864 2937 1108 3023 prohibentium,
1139 2945 1171 3003 et
1202 2939 1275 3022 quia
1303 2938 1358 3003 alii

317 3044 424 3128 palam
446 3041 532 3108 iaces
554 3042 713 3108 iaciebant
735 3049 831 3126 atque
853 3061 923 3108 esse
945 3043 1005 3108 sibi
1026 3050 1187 3108 auctorem
1207 3042 1358 3108 vocifera-

319 3148 445 3231 bantur,
468 3148 536 3212 sive
555 3153 592 3211 ut
614 3153 722 3231 raptus
744 3147 890 3212 licentius
913 3154 1106 3231 exercerent,
1130 3167 1187 3212 seu
1208 3147 1305 3212 iussu.

189 3268 260 3314 uetus
425 3250 476 3316 39.
501 3251 557 3315 ,Εο
579 3251 613 3315 in
635 3258 778 3334 tempore
799 3251 884 3316 Nero
905 3251 994 3316 Antii
1019 3271 1119 3335 agens
1141 3271 1205 3315 non
1227 3257 1303 3316 ante
1325 3252 1359 3315 in

165 3338 282 3459 ¹³2²?ng
320 3355 430 3422 urbem
451 3374 612 3437 regressus
634 3361 691 3439 est,
715 3375 810 3437 quam
831 3356 937 3419 domui
960 3355 1036 3439 eius,
1061 3374 1124 3436 qua
1145 3355 1305 3419 Palatium
1328 3362 1360 3419 et

319 3460 514 3525 Maecenatis
536 3458 642 3524 hortos
665 3459 914 3540 continuaverat,
937 3460 1021 3542 ignis
1043 3460 1275 3543 propinquaret.
1307 3478 1359 3523 neu

320 3584 382 3646 que
409 3570 517 3628 tamen
547 3563 614 3628 sisti
643 3563 755 3647 potuit,
787 3564 862 3646 quin
890 3570 923 3628 et
948 3564 1106 3628 Palatium
1136 3570 1168 3628 et
1190 3563 1305 3628 domus
1327 3568 1360 3627 et

320 3672 434 3731 cuncta
449 3666 565 3731 circum
581 3666 790 3732 haurirentur.
815 3666 872 3732 sed
888 3667 1040 3732 solacium
1059 3668 1175 3752 populo
1191 3667 1359 3731 extrrrbato

320 3789 359 3847 ac
391 3770 525 3854 profugo
559 3790 705 3854 campum
739 3770 851 3835 Martis
884 3791 923 3835 ac
952 3778 1157 3837 monumenta
1186 3770 1358 3853 Agrippae,

321 3873 428 3938 hortos
458 3873 534 3955 quin
564 3874 659 3937 etiam
687 3894 762 3939 suos
791 3875 940 3959 patefecit
970 3882 1002 3940 et
1032 3875 1183 3940 subitaria
1213 3872 1360 3938 aedificia
