2984 4275
316 183 337 245 2
571 200 620 254 Ab
639 215 756 255 excessu
772 200 805 255 D.
819 200 945 271 Augusti
964 200 1006 254 XI
1024 204 1102 257 2-7.

315 393 417 457 paeae
439 373 580 457 festinat,
609 374 745 441 subditis
768 374 824 457 qui
846 380 964 440 terrore
992 374 1126 440 carceris
1148 374 1191 438 ad
1214 374 1355 440 volunta·

316 477 395 542 riam
411 484 545 543 mortem
560 480 784 563 propellerent,
801 478 882 545 adeo
896 480 1008 562 ignaro
1023 479 1170 562 Caesare,
1189 485 1225 544 ut
1239 499 1356 563 paucos

315 586 388 665 post
414 582 483 647 dies
511 583 692 667 epulantem
723 582 808 666 apud
837 603 872 648 se
901 584 1049 648 maritum
1079 584 1147 648 cius
1176 583 1354 667 Scipionem

315 692 559 770 percontaretur,
595 707 650 752 cur
679 687 748 752 sine
783 707 881 752 uxore
915 686 1137 770 discubuisset,
1172 694 1269 769 atque
1302 688 1355 753 ille

316 789 458 855 functam
482 791 548 856 fato
516 790 788 875 ttrespcndere.

169 905 277 958 cascar
420 896 450 960 3.
486 894 550 961 Sed
574 896 767 961 consultanti
790 915 886 980 super
909 895 1107 961 absolutione
1123 895 1224 960 Asiat
1201 895 1257 959 tici
1277 894 1354 959 flens

170 975 370 1097 ,afflant
317 997 370 1062 Vit
371 999 471 1082 ellins,
503 1005 751 1065 commemorata
773 1005 930 1064 vetustate
959 999 1067 1064 amicit
1068 1000 1118 1064 iae
1140 1005 1326 1080 utquet
1261 1000 1354 1064 Anto

150 1112 174 1157 a
188 1114 228 1159 aa
242 1114 298 1159 su
317 1102 402 1166 niam
425 1102 577 1187 principis
600 1110 734 1168 matrem
757 1104 877 1187 pariter
898 1104 1163 1186 observavissent‚
1191 1102 1265 1167 dein
1288 1122 1354 1187 per-

317 1205 416 1271 cursis
439 1206 571 1270 Asiatici
600 1207 633 1271 in
663 1227 729 1272 rem
759 1207 919 1290 publicam
950 1206 1063 1271 officiis
1092 1207 1274 1289 recentique
1303 1207 1355 1270 ad·

315 1329 427 1374 versus
460 1310 659 1375 Britanniam
692 1310 820 1394 militia,
858 1329 1003 1391 quaeque
1040 1311 1106 1374 alia
1138 1309 1354 1375 conciliandae

316 1415 549 1480 misericordiae
582 1414 784 1498 videbantur,
818 1414 952 1480 liberum
986 1414 1094 1479 mortis
1127 1413 1292 1478 arbitrium
1326 1413 1355 1477 ei

315 1517 473 1603 permisit3
505 1525 536 1583 et
564 1520 673 1582 secuta
700 1525 774 1583 sunt
801 1516 925 1583 Claudii
946 1518 1047 1582 'verba
1073 1518 1106 1582 in
1134 1516 1268 1582 eandem
1296 1516 1354 1581 cle-

316 1621 479 1686 mentiam.
496 1620 695 1686 hortantibus
710 1620 828 1685 dehinc
843 1620 1034 1702 quibusdam
1049 1620 1188 1685 inediam
1204 1621 1354 1685 silenem

318 1724 449 1807 exitum,
472 1725 633 1789 remittere
656 1723 846 1789 beneficium
868 1725 1028 1789 Asiaticus
1050 1725 1110 1810 ait,
1141 1734 1174 1789 ct
1196 1723 1355 1807 usurpatis

316 1827 431 1908 quibus
452 1825 635 1892 insueverat
657 1828 948 1908 exercitationibus,
979 1827 1065 1892 lauto
1088 1846 1228 1910 corpore,
1255 1826 1354 1891 hilare

316 1931 471 2015 epulatus,
495 1950 567 1994 cum
589 1951 623 1996 se
645 1929 810 1995 honestius
833 1930 1006 1995 calliditate
1020 1930 1140 1995 'liberii
1161 1930 1214 1995 vel
1235 1930 1355 2014 impetn

317 2033 377 2098 Gai
399 2033 543 2099 Caesaris
564 2034 738 2118 periturum
761 2034 905 2116 dixisset,
930 2053 1026 2115 quam
1049 2034 1133 2116 quod
1155 2034 1268 2099 fraude
1290 2054 1354 2098 mu·

315 2137 407 2204 liebri
437 2145 468 2204 et
498 2137 647 2223 inpudico
673 2137 793 2204 Vitellii
816 2158 870 2203 ore
904 2137 1041 2222 caderet,
1076 2158 1176 2203 venas
1209 2139 1353 2221 exsolvit,

315 2243 383 2308 viso
400 2249 509 2307 tamen
524 2249 599 2325 ante
615 2262 692 2324 rogo
713 2243 861 2323 iussoque
875 2241 1042 2307 transferri
1062 2243 1232 2326 partemin
1248 2241 1352 2321 aliam,

315 2367 356 2411 ne
385 2347 527 2431 opacitas
556 2348 704 2412 arborum
730 2366 850 2431 vapore
879 2346 963 2428 ignis
992 2345 1199 2411 minueretur:
1228 2351 1353 2411 tantum

315 2450 360 2513 illi
384 2450 542 2515 securitat
535 2469 562 2514 rs
584 2450 777 2515 novissimae
799 2451 869 2514 fuit.

162 2561 285 2614 notesco
420 2555 451 2619 4
486 2554 609 2618 Vocant
596 2560 647 2618 tur
676 2554 854 2638 posthaec
884 2560 1002 2638 patres,
1032 2554 1199 2637 pergitque
1228 2554 1357 2620 Suillius

162 2631 285 2753 ⁶²de
316 2656 436 2722 addere
467 2677 537 2722 reos
570 2659 694 2740 equites
727 2660 889 2723 Romanos
921 2659 1018 2723 inlust
1005 2663 1079 2743 tres,
1114 2659 1229 2739 quibus
1262 2660 1320 2722 Pet
1307 2663 1358 2721 tra

157 2770 286 2824 cccmus
318 2768 573 2845 cognomentum.
619 2769 653 2827 at
690 2783 788 2828 cansa
820 2763 909 2828 necis
944 2783 984 2827 ex
1018 2783 1066 2847 eo,
1105 2763 1190 2844 quod
1227 2763 1356 2828 domum

165 2842 278 2962 „ssssq‘m
317 2886 407 2931 snam
430 2865 598 2932 Mnesteris
626 2872 658 2931 et
679 2868 848 2951 Poppaeae
879 2867 1102 2949 congressibus
1123 2867 1356 2950 praebuissent.

316 2991 428 3036 verum
450 2978 624 3035 nocturnae
640 2970 754 3051 quietis
776 2971 900 3054 species
922 2970 1014 3035 alteri
1036 2971 1169 3055 obiecta,
1193 2976 1356 3050 tamquam

316 3074 449 3140 vidisset
481 3074 647 3140 Claudiurn
676 3075 785 3158 spicea
816 3094 932 3140 corona
958 3074 1118 3138 evinctum
1148 3073 1244 3158 spicis
1273 3079 1357 3137 retro

316 3179 486 3261 conversis,
512 3198 612 3260 eaque
634 3178 775 3260 imagine
800 3179 992 3261 gravitatem
1014 3197 1161 3242 annonae
1183 3175 1358 3261 praedixis-

316 3289 374 3348 set.
398 3282 527 3364 quidam
550 3282 756 3367 pampineam
772 3301 921 3347 coronam
943 3281 1126 3346 albentibus
1148 3280 1232 3345 foliis
1253 3280 1358 3345 visam

318 3393 413 3469 atque
448 3387 495 3450 ita
528 3387 774 3470 interpretatum¹
807 3384 977 3468 tradidere,
1016 3391 1168 3467 vergente
1204 3390 1357 3448 autumno

316 3498 451 3555 mortem
465 3490 618 3582 principis
634 3496 683 3554 ost
670 3489 769 3554 tendi.
792 3488 870 3553 illud
885 3489 972 3553 haud
988 3489 1169 3572 ambigitur,
1186 3488 1357 3570 qualicum-

145 3609 186 3688 ·;·3
317 3599 383 3683 quc·
392 3592 579 3690 insomnio
570 3614 631 3678 rpsr
622 3593 734 3657 frat'
696 3599 799 3674 tuque
814 3593 988 3676 perniciem
1003 3593 1152 3659 adlatam
1176 3591 1356 3658 sestertium

177 3706 186 3723 ·
314 3683 521 3800 quindecrens
536 3697 720 3791 etdnsignia
734 3703 825 3781 praet
826 3717 903 3761 urae
917 3697 1061 3781 Crispino
1077 3697 1215 3762 decreta.
1238 3695 1357 3760 adiecit

156 3787 230 3884 ²¹53
246 3778 465 3883 Vitellrus
476 3797 670 3879 sestertium
701 3800 830 3866 deciens
857 3800 990 3884 Sosibio,
1022 3801 1109 3882 quod
1137 3801 1205 3865 Brit
1192 3800 1358 3865 atnnicum

101 3892 109 3907 ’
139 3890 166 3908 ”
183 3889 192 3905 ’
220 3884 254 3904 ”
315 3880 466 3989 praecept
467 3904 503 3985 is,
453 3903 693 3969 tClaudium
709 3903 849 3968 consiliis
864 3904 997 3968 iuvaret.
1021 3910 1151 3985 rogatus
1167 3903 1357 3969 sententiam
