2984 4275
521 170 700 224 aucam.
725 169 882 237 neusse.
1179 151 1221 214 69

182 344 362 410 cohortibus
384 344 568 427 auxiliariis,
591 365 632 408 ne
654 364 795 428 pugnam
817 344 937 428 priores
959 344 1113 408 auderent
1135 364 1222 428 prae·
1251 358 1296 403 nst
1317 359 1384 412 squ

181 449 272 514 dicit:
296 468 403 513 curam
426 449 653 532 praesidiorum
669 448 782 512 Paccio
798 445 896 511 Orfito
916 447 1009 531 primi
1024 448 1081 532 pili
1103 448 1222 513 honore
1251 428 1388 481 ”mm

181 552 346 636 perfuncto
377 552 516 616 mandat.
554 552 583 616 is
613 571 806 634 quamquam
835 552 978 616 incautos
1008 551 1160 617 barbaros
1191 560 1222 617 et

180 658 262 721 bene
293 656 452 738 gerendae
482 656 527 720 rei
558 676 667 720 casum
702 655 807 721 offerri
837 657 1014 739 scripserat,
1050 662 1158 720 tenere
1189 677 1222 721 se

180 762 387 825 munimentis
410 766 443 824 et
465 761 598 825 maiores
614 760 721 844 copias
737 759 874 843 opperiri
896 759 1029 823 iubetur.
1054 759 1111 824 sed
1130 767 1221 843 rupto

177 866 321 948 imperio,
352 871 521 948 postquam
550 884 671 948 paucae
701 884 719 928 e
747 864 901 947 proximis
932 864 1070 928 castellis
1099 871 1221 928 turmae

178 968 377 1034 advenerant
407 987 611 1051 pugnamque
638 968 796 1051 imperitia
822 967 1003 1050 poscebant,
1035 987 1222 1049 congressus

179 1093 252 1136 cum
275 1072 366 1137 hoste
381 1071 533 1136 funditur.
558 1078 590 1135 et
604 1071 720 1135 damno
737 1072 806 1135 eius
821 1071 962 1135 exterriti
977 1071 1030 1152 qui
1045 1071 1221 1135 subsidium

177 1176 260 1240 ferre
284 1174 468 1259 debuerant,
493 1194 552 1240 sua
574 1175 708 1258 quisque
729 1176 764 1238 in
781 1181 885 1239 eastra
907 1174 1033 1258 trepida
1054 1174 1132 1258 fuga
1153 1175 1221 1239 red-

177 1280 253 1344 iere.
302 1277 385 1360 quod
408 1279 549 1361 graviter
570 1278 705 1344 Corbulo
728 1279 852 1362 accepit
873 1279 1125 1363 increpitumque
1145 1279 1221 1343 Pae-

176 1384 262 1447 cium
285 1388 317 1446 et
338 1382 516 1467 praefectos
543 1383 721 1466 militesque
746 1383 878 1448 tendere
907 1391 997 1447 extra
1019 1385 1138 1448 vallum
1161 1384 1222 1447 ius·

176 1488 233 1571 sit3
262 1486 360 1567 inque
386 1506 425 1550 ea
452 1488 642 1551 contumelia
668 1486 790 1551 detenti
812 1507 871 1551 neo
898 1487 959 1551 nisi
985 1487 1132 1571 precibus
1155 1487 1221 1551 uni-

175 1590 262 1654 versi
285 1591 442 1653 exercitus
465 1591 601 1654 exsoluti
624 1596 706 1654 sunt.

280 1692 330 1756 37.
362 1693 403 1756 At
426 1693 582 1757 Tiridates
605 1713 699 1777 super
720 1694 863 1778 proprias
892 1695 1057 1760 clientelas
1079 1716 1138 1780 ope
1161 1697 1220 1760 Vo-
1256 1710 1378 1764 statuas,

175 1797 278 1878 logesi
301 1796 406 1860 fratris
429 1796 566 1880 adiutus,
594 1817 657 1861 non
687 1796 795 1861 furtim
823 1797 895 1880 iam,
925 1798 981 1863 sed
1007 1799 1114 1882 palam
1136 1800 1220 1864 bello
1250 1785 1382 1905 mgffmss,

177 1898 339 1963 infensare
365 1900 559 1982 Armeniam,
596 1919 736 1983 quosque
766 1899 846 1965 fidos
876 1901 967 1966 nohis
996 1903 1134 1984 rebatur,
1169 1902 1220 1968 de·
1237 1920 1262 1965 u
1279 1921 1395 1965 amara

174 2004 331 2087 populari,
355 2011 387 2067 et
410 2006 438 2068 si
460 2005 570 2087 copiae
593 2011 702 2068 contra
724 2004 921 2089 ducerentur,
945 2006 1071 2071 eludere
1093 2006 1220 2091 hucque
1243 1990 1391 2105 ww

176 2114 209 2173 et
224 2107 301 2172 illue
316 2108 453 2174 volitans
475 2109 567 2193 plura
589 2108 788 2190 famaquam
810 2129 920 2193 pugna
936 2117 1101 2176 exterrere.
1124 2111 1220 2194 igitur
1258 2140 1285 2184 a
1298 2091 1373 2175 intes·

175 2211 311 2277 Corbulo
334 2215 476 2295 quaesito
504 2213 560 2277 diu
586 2214 705 2296 proelio
728 2214 844 2278 frustra
867 2213 994 2278 habitus
1017 2222 1049 2279 et
1072 2218 1218 2301 exemplo
1244 2200 1385 2321 ¹³2¹{ffi‘n

178 2317 316 2382 hostium
350 2317 548 2382 circumferre
575 2318 694 2382 bellum
722 2323 858 2401 coaetus,
891 2317 1035 2400 dispertit
1061 2319 1154 2399 vires,
1185 2328 1220 2384 ut
1361 2299 1368 2313 ’

176 2420 275 2502 legati
311 2420 527 2504 praefectique
565 2420 706 2485 diversos
743 2422 830 2486 locos
866 2421 984 2505 pariter
1016 2422 1218 2508 invaderent5

176 2524 271 2588 simul
293 2544 402 2606 regem
424 2525 616 2589 Antiochum
643 2532 751 2589 monet
773 2526 936 2609 proximas
964 2525 1024 2590 sibi
1046 2526 1220 2610 praefectu-

175 2647 228 2692 ras
251 2635 367 2711 petere.
407 2649 481 2692 narn
504 2628 738 2694 Pharasmanes
761 2628 926 2694 interfecto
949 2629 1013 2693 filio
1036 2630 1220 2696 Radamisto

176 2733 268 2813 quasi
297 2732 463 2815 proditore,
492 2752 554 2813 quo
581 2731 676 2796 fidem
703 2733 737 2797 in
765 2752 822 2796 uos
848 2739 1024 2817 testaretur,
1053 2741 1144 2799 vetus
1167 2735 1220 2799 ad·

173 2855 286 2900 versus
313 2836 481 2901 Armenios
515 2836 621 2901 odium
655 2835 830 2919 promptius
862 2837 1042 2901 exercebat.
1081 2846 1219 2920 tuncque

173 2939 310 3023 primum
338 2940 449 3004 inlecti
476 2939 607 3022 Moschi,
636 2960 716 3022 gens
743 2947 818 3004 ante
845 2941 924 3005 alias
947 2941 1032 3005 socia
1058 2942 1218 3026 Romanis,

174 3044 248 3108 auia
262 3043 433 3108 Armeniae
456 3044 637 3109 incursavit.
662 3044 708 3108 ita
730 3043 863 3109 consilia
885 3044 1020 3109 Tiridati
1042 3046 1075 3110 in
1099 3054 1218 3112 contra-

172 3148 255 3210 rium
271 3148 446 3231 vertebant,
471 3149 680 3230 mittebatque
695 3155 844 3227 oratores,
869 3148 923 3230 qui
945 3168 1001 3212 suo
1020 3149 1220 3214 Parthorum-

175 3270 237 3331 que
272 3251 399 3315 nomine
433 3252 679 3335 expostularent,
715 3272 771 3315 cur
805 3251 888 3316 datis
921 3272 1023 3335 nuper
1055 3253 1218 3319 obsidibus
1305 3240 1309 3245 ⁴

174 3353 452 3437 redintegrataque
487 3356 637 3439 amicitia,
669 3375 751 3438 quae
781 3355 872 3420 novis
902 3376 1027 3439 quoque
1058 3356 1218 3422 beneficiis

172 3459 277 3522 locum
299 3460 446 3542 aperiret,
470 3467 576 3524 vetere
592 3459 763 3524 Armeniae
782 3460 981 3544 possessione
997 3460 1216 3544 depelleretur.

173 3562 244 3627 ideo
273 3563 413 3627 nondum
443 3562 547 3647 ipsum
569 3563 749 3645 Vologesen
784 3571 982 3646 commotum,
1015 3563 1090 3646 quia
1121 3584 1217 3629 causa

173 3686 269 3746 quam
283 3666 317 3730 vi
338 3686 433 3748 agere
456 3667 603 3731 mallent:
628 3667 676 3731 sin
699 3673 890 3751 perstaretur
911 3669 945 3732 iu
967 3668 1060 3751 bello,
1084 3686 1149 3731 uon
1165 3667 1217 3732 de·

173 3768 239 3834 fore
262 3769 424 3835 Arsacidis
452 3772 602 3836 virtutem
629 3769 851 3853 fortunamque
879 3772 1004 3856 saepius
1035 3771 1099 3835 iam
1125 3770 1216 3835 clade

172 3874 317 3939 Romana
340 3882 514 3959 expertam.
549 3875 591 3938 ad
613 3895 651 3939 ea
673 3874 820 3957 Corbulo,
844 3876 921 3940 satis
945 3882 1103 3960 comperto
1127 3874 1216 3940 Volo·
