2984 4275
499 110 679 167 sessu.
703 127 729 180 p.
743 110 861 167 creor.
1138 95 1200 160 135

160 284 216 365 qui
243 282 417 367 crederent,
448 291 588 349 veterem
619 284 706 348 illam
732 284 867 349 formam
894 285 1072 350 salubritati
1098 285 1200 368 magis

163 387 363 470 conduxisse,
387 387 536 468 quoniam
559 387 726 471 angustiae
747 388 895 453 itinerum
911 395 942 453 et
956 388 1089 454 altitudo
1104 396 1200 454 tecto·

160 513 232 557 rum
253 512 318 556 non
340 491 471 576 perinde
498 492 571 556 solis
592 512 711 577 vapore
739 499 1029 577 perrumperentur:
1060 500 1093 557 at
1116 513 1201 559 nunc

161 596 303 681 patulam
330 596 531 662 latitudinem
561 603 593 661 et
619 597 706 661 nulla
733 597 847 661 umbra
869 597 1034 662 defensam
1056 598 1200 680 graviore

160 707 252 766 aestu
273 699 447 765 ardescere.

266 805 319 869 44.
335 805 376 869 Et
390 803 471 870 haec
483 804 610 887 quidem
626 804 774 870 humanis
788 805 927 871 consiliis
940 805 1198 889 providebantur.
1243 820 1348 873 mssa·

160 928 235 974 mox
258 908 359 993 petita
381 908 431 974 dis
452 909 578 993 piacula
600 908 739 993 aditique
759 892 907 975 Sibullae
923 909 1005 994 libri,
1029 908 1199 991 exquibus
1217 890 1373 1014 ‘'mgffm

161 1013 373 1099 supplicatum
395 1013 537 1078 Vulcano
564 1020 596 1077 et
623 1013 729 1079 Cereri
755 1014 1033 1098 Proserpinaeque,
1064 1033 1102 1078 ac
1131 1033 1199 1098 pro·
1234 1029 1358 1081 suranus

159 1118 275 1203 pitiata
296 1117 376 1182 Iuno
399 1137 455 1202 per
476 1124 647 1194 matronas,
674 1118 812 1202 primum
833 1118 868 1182 in
889 1118 1053 1203 Capitolio,
1069 1188 1070 1191 Ἴ
1084 1117 1200 1182 deinde
1243 1096 1352 1222 5232„

160 1221 247 1305 apud
277 1221 455 1305 proximum
484 1242 581 1306 mare,
613 1222 698 1287 unde
727 1222 841 1287 hausta
871 1241 956 1303 aqua
984 1222 1137 1306 templum
1168 1228 1205 1287 et

161 1325 363 1390 simulacrum
386 1324 465 1390 deae
488 1345 689 1410 perspersum
712 1333 775 1411 est,
805 1333 844 1391 et‘
858 1326 1047 1392 sellisternia
1074 1346 1112 1390 ac
1134 1346 1201 1410 per-

160 1430 272 1514 vigilia
287 1429 487 1495 celebravere
502 1429 650 1515 feminae,
673 1430 787 1511 quibus
809 1431 913 1495 mariti
935 1437 1034 1496 erant.
1059 1429 1201 1496 sednon

161 1555 221 1619 ope
243 1533 394 1616 humana,
416 1554 481 1599 non
495 1534 716 1618 largitionibus
738 1534 889 1620 principis
909 1541 966 1599 aut
980 1534 1076 1599 deum
1099 1534 1201 1618 placa-

161 1638 277 1704 mentis
288 1637 463 1704 decedebat
478 1638 619 1719 infamia,
637 1638 713 1721 quin
728 1639 850 1704 iussum
864 1636 1046 1704 incendium
1062 1638 1201 1705 credere-

161 1750 221 1807 tur.
261 1761 336 1824 ergo
358 1742 516 1807 abolendo
542 1742 659 1808 rumori
681 1742 767 1808 Nero
793 1742 934 1807 subdidit
961 1762 1032 1808 reos
1054 1750 1087 1808 et
1108 1762 1201 1824 quae-

162 1847 318 1912 sitissimis
339 1846 448 1931 poenis
470 1846 596 1933 adfecit,
625 1866 703 1929 quos
725 1867 782 1932 per
803 1846 924 1930 flagitia
945 1847 1064 1912 invisos
1085 1846 1201 1929 vulgus

162 1951 355 2016 Christianos
376 1951 568 2035 appellabat.
608 1958 716 2017 auctor
738 1952 875 2018 nominis
897 1952 965 2016 eius
987 1950 1129 2016 Christus
1151 1951 1201 2014 'li-

162 2054 249 2120 berio
271 2054 472 2139 imperitante
494 2075 551 2141 per
566 2062 801 2141 procuratorem
818 2056 965 2121 Pontium
980 2054 1116 2120 Pilatum
1132 2074 1201 2139 sup·

161 2160 256 2244 plicio
283 2160 428 2225 adfectus
455 2168 537 2246 er'at3
569 2178 777 2245 repressaque
802 2161 836 2225 in
858 2179 1009 2245 praesens
1031 2159 1201 2225 exitiabilis

161 2263 341 2348 superstitio
367 2284 492 2329 rursum
519 2266 713 2349 erumpebat,
745 2285 810 2329 non
838 2264 931 2329 modo
959 2283 1016 2348 per
1037 2262 1200 2346 Iudaeam,

162 2368 317 2453 originem
344 2369 411 2435 eius
438 2368 523 2454 mali,
554 2368 611 2434 sed
637 2390 695 2454 per
721 2369 833 2434 urbem
862 2369 967 2453 etiam,
998 2387 1059 2449 quc
1087 2373 1202 2432 cuncta

161 2472 302 2554 undique
328 2472 446 2537 atrocia
472 2479 528 2537 aut
554 2472 706 2557 pudenda
736 2472 898 2538 confluunt
928 2473 1201 2552 celebranturque.

152 2570 257 2659 ¹igitur
286 2576 423 2660 primum
452 2577 596 2661 correpti,
629 2578 682 2661 qui
712 2576 904 2659 fatebantur,
939 2576 1055 2642 deinde
1086 2575 1202 2641 indicio

162 2699 271 2747 eorum
287 2680 453 2745 multitudo
476 2681 589 2764 ingens
609 2679 695 2746 haud
718 2681 852 2767 proinde
867 2681 900 2746 in
916 2681 1047 2746 crimine
1063 2679 1202 2745 incendii

162 2804 259 2866 quam
282 2784 353 2850 odio
375 2784 507 2850 humani
530 2786 656 2869 generis
678 2785 815 2851 convicti
837 2792 919 2851 sunt.
944 2792 977 2850 et
996 2783 1203 2869 pereuntibus

162 2888 271 2953 addita
293 2888 440 2974 ludibria,
464 2897 498 2954 ut
518 2889 658 2954 ferarum
679 2890 777 2973 tergis
793 2889 929 2954 contecti
950 2889 1071 2954 laniatu
1086 2908 1202 2953 canum

161 2992 337 3075 interirent,
360 3000 416 3057 aut
437 2992 580 3058 crucibus
603 2993 703 3058 adfixi
724 3000 781 3058 aut
802 2992 978 3058 flammanti
1001 2991 1124 3076 taedae,
1147 2991 1203 3057 ubi

163 3096 331 3162 defecisset
346 3096 423 3182 dies,
439 3096 473 3161 in
488 3116 580 3162 usum
597 3097 742 3162 nocturni
758 3096 884 3162 luminis
899 3104 1071 3162 urerentur.
1095 3095 1203 3160 hortos

162 3221 235 3266 suos
264 3200 294 3265 ei
319 3202 497 3284 spectaculo
522 3201 607 3266 Nero
634 3202 791 3267 obtulerat
821 3207 852 3266 et
880 3201 1019 3266 circense
1047 3200 1202 3265 ludicrum
1266 3201 1268 3204 ’

163 3305 288 3388 edebat,
322 3303 433 3370 babitu
454 3306 584 3388 aurigae
606 3305 781 3389 permixtus
802 3304 889 3390 plebi
909 3304 963 3370 vel
984 3304 1135 3370 curriculo
1157 3303 1202 3367 in·

162 3409 286 3474 sistens.
324 3408 410 3473 unde
438 3428 629 3491 quamquam
657 3408 810 3475 adversus
836 3415 944 3475 sontes
974 3414 1006 3473 et
1030 3406 1203 3472 novissima

163 3513 311 3596 exempla
331 3512 461 3578 meritos
483 3512 641 3578 miseratio
664 3513 833 3596 oriebatur,
858 3519 1023 3595 tamquam
1043 3530 1107 3575 non
1122 3509 1203 3574 utili·

163 3623 229 3681 tate
251 3616 389 3700 publica,
413 3616 469 3681 sed
492 3617 526 3681 in
548 3617 714 3682 saevitiam
736 3617 830 3681 unius
852 3617 1101 3682 absumerentur.
1265 3645 1331 3691 aas,

266 3719 319 3785 45.
353 3720 481 3785 Interea
504 3720 702 3786 conferendis
724 3720 867 3805 pecuniis
893 3724 1074 3804 pervastata
1096 3716 1200 3799 Italia,
1225 3715 1374 3769 abacos

164 3824 345 3908 provinciae
377 3843 507 3889 eversae
536 3824 673 3906 sociique
703 3823 820 3908 populi,
856 3829 888 3887 et
917 3842 998 3904 quae
1028 3820 1202 3887 civitatium
1219 3784 1375 3906 ςωᾞω,
