2984 4275
184 1321 245 1365 Ludi

110 1439 113 1442 ,
144 1392 287 1436 saeculares.

188 1462 243 1506 aaut

143 1532 164 1577 1.
175 1530 287 1576 nouitas

157 1600 217 1652 attat
230 1600 266 1653 tiu

157 1669 219 1715 tutti
234 1668 268 1714 lte

148 1738 276 1790 tullerunt

197 1816 232 1861 su.

308 183 328 247 6
545 200 594 255 Ab
613 216 730 255 excessu
747 200 782 254 D.
794 201 920 271 Augusti
938 202 980 256 XI
1000 205 1110 258 10-14.

309 392 420 439 senum
443 394 564 458 regum,
589 374 616 439 si
637 373 769 459 perinde
792 395 933 439 amorem
956 376 1038 439 inter
1058 375 1228 458 populares
1251 396 1348 458 quam

309 485 429 542 metum
451 477 537 562 apud
559 478 666 543 hostes
689 478 905 560 quaesivisset
929 498 1009 543 nece
1021 477 1179 543 Vardanis
1201 480 1349 545 turbatae

308 581 495 646 Parthorum
518 602 569 646 res
591 583 675 646 inter
689 582 864 664 ambiguos,
889 581 960 664 quis
981 582 1013 645 in
1036 601 1170 665 regnum
1193 583 1349 667 accipere·

309 691 368 749 tur.
407 683 498 750 multi
520 684 562 749 ad
591 684 749 751 Gotarzen
776 684 983 768 inclinabant,
1013 685 1141 767 quidam
1164 686 1206 750 ad
1228 686 1349 752 Meher-

309 788 404 853 daten
427 789 549 872 prolem
571 787 727 871 Phraatis,
753 787 874 853 obsidio
897 788 989 852 nobis
1011 787 1134 853 datum:
1159 789 1234 853 dein
1256 810 1346 874 prae·

308 893 408 957 valuit
423 892 583 957 Gotarzes.
599 892 781 976 potitusque
795 892 916 974 regiam
930 911 988 975 per
1004 892 1170 956 saevitiam
1185 913 1223 957 ac
1237 894 1349 958 luxum

308 995 417 1079 adegit
437 994 572 1060 Parthos
595 996 720 1060 mittere
743 994 786 1058 ad
806 994 983 1078 prinoipem
1005 995 1182 1059 Romanum
1210 997 1349 1061 occultas

308 1119 429 1183 preces,
461 1100 531 1182 quis
558 1097 700 1182 permitti
726 1097 934 1162 Meherdaten
960 1098 1097 1182 patrium
1120 1099 1163 1163 ad
1185 1099 1348 1182 fastigium

309 1202 452 1266 orabant.

416 1305 466 1368 11.
486 1305 593 1369 Isdem
614 1303 794 1369 oonsulibus
808 1303 876 1369 ludi
891 1306 1070 1370 saeculares
1085 1306 1348 1389 octingentesimo

308 1416 381 1493 post
410 1409 543 1473 Romam
575 1408 743 1489 conditam,
780 1414 891 1491 quarto
921 1413 953 1472 et
986 1410 1217 1491 sexagensimo,
1252 1430 1347 1492 quam

309 1519 471 1595 Augustus
493 1510 643 1593 ediderat,
668 1512 801 1596 spectati
823 1517 905 1576 sunt.
942 1513 1105 1595 utriusque
1127 1513 1279 1597 principis
1300 1534 1348 1577 ra-

308 1615 409 1680 tiones
430 1614 657 1699 praetermitto,
688 1614 765 1679 satis
787 1621 931 1679 narratas
954 1615 1051 1699 libris,
1084 1616 1198 1699 quibus
1219 1637 1270 1681 res
1292 1617 1348 1680 im-

308 1720 460 1804 peratoris
483 1719 657 1784 Domitiani
672 1719 843 1803 composui.
867 1740 941 1784 nam
957 1720 986 1784 is
1002 1740 1126 1803 quoqne
1142 1720 1241 1785 edidit
1255 1720 1348 1785 ludos

309 1824 487 1887 saeculares
515 1823 617 1905 iisque
647 1822 800 1887 intentius
830 1821 920 1886 adfui
950 1822 1125 1906 sacerdotio
1156 1823 1348 1907 quindecim-

308 1926 401 1990 virali
421 1925 583 2009 praeditus
606 1946 644 1990 ao
666 1932 741 1990 tunc
763 1932 898 2009 praetor,
932 1926 1016 2008 quod
1042 1947 1106 1992 non
1129 1928 1281 1992 iactantia
1301 1947 1348 1991 re-

308 2030 384 2112 fero,
419 2029 476 2095 sed
510 2030 584 2112 quia
618 2030 749 2112 collegio
784 2028 1066 2113 quindecimvirum
1100 2031 1275 2114 antiquitus
1308 2050 1348 2095 ea

308 2156 384 2200 cura
417 2142 449 2200 et
482 2134 686 2216 magistratus
719 2134 918 2219 potissimum
953 2135 1209 2217 exsequebantur
1242 2134 1347 2200 officia

308 2239 577 2305 caerimoniarum.
617 2239 748 2303 sedente
775 2237 907 2304 Claudio
933 2239 1127 2304 circensibus
1149 2238 1241 2321 ludis,
1274 2259 1346 2304 cum

307 2344 399 2428 pueri
420 2343 543 2408 nobiles
565 2342 654 2425 equis
676 2342 831 2406 ludicrum
853 2342 967 2406 Troiae
989 2343 1106 2406 inirent
1127 2343 1271 2425 interque
1293 2362 1346 2406 eos

277 2443 279 2446 ⁴
307 2448 509 2512 Britannicus
531 2446 722 2529 imperatore
745 2446 872 2528 genitus
895 2453 927 2510 et
945 2446 980 2510 L.
998 2446 1155 2511 Domitius
1178 2446 1348 2530 adoptione

175 3254 256 3312 uirilis.

149 3327 278 3378 weaslieas

145 3396 284 3449 surrecturo

197 3461 232 3518 titt

154 3535 179 3580 o.
190 3533 274 3580 eitius.

308 2571 383 2615 mox
398 2551 431 2614 in
448 2550 614 2632 imperium
630 2556 662 2613 et
678 2557 920 2631 cognomentum
940 2550 1076 2614 Neronis
1091 2549 1237 2633 adscitus,
1258 2550 1349 2614 favor

308 2653 410 2738 plebis
437 2653 539 2716 acrior
564 2652 598 2716 in
625 2652 797 2717 Domitium
826 2652 895 2717 loco
924 2653 1083 2736 praesagii
1112 2660 1260 2737 acceptus
1290 2660 1346 2717 est.

306 2758 562 2840 vulgabaturque
584 2756 725 2821 adfuisse
747 2755 902 2821 infantiae
919 2757 986 2821 eius
1002 2755 1156 2822 dracones
1171 2757 1204 2821 in
1219 2757 1346 2822 modum

309 2860 485 2943 custodum,
508 2859 655 2924 fabulosa
670 2868 702 2924 et
718 2861 857 2924 externis
873 2860 1032 2925 miraculis
1054 2859 1249 2925 adsimilata:
1272 2881 1347 2924 nam

308 2966 387 3049 ipse,
411 2963 656 3046 haudquaquam
680 2963 729 3028 sui
752 2963 917 3048 detractor,
940 2983 1037 3027 unam
1060 2964 1188 3028 omnino
1210 2982 1348 3045 anguem

308 3069 341 3133 in
365 3067 508 3133 cubiculo
530 3068 632 3133 risam
655 3087 785 3131 narrare
807 3068 916 3132 solitus
939 3075 995 3133 est.

412 3172 461 3237 12.
487 3173 605 3237 Verum
626 3171 790 3236 inclinatio
808 3173 917 3256 populi
939 3178 1104 3255 supererat
1129 3192 1170 3236 ex
1196 3171 1347 3236 memoria

310 3276 504 3360 Germanioi,
539 3277 628 3341 cuius
656 3276 713 3339 illa
740 3276 863 3357 reliqua
892 3276 1018 3340 suboles
1047 3276 1161 3359 virilis,
1196 3283 1228 3339 et
1257 3274 1349 3338 matri

310 3380 507 3465 Agrippinae
530 3380 691 3444 miseratio
713 3380 890 3461 augebatur
905 3379 945 3442 ob
961 3379 1125 3443 saevitiam
1148 3379 1346 3458 Messalinae,

312 3505 393 3568 quae
415 3504 541 3567 semper
555 3483 673 3548 infesta
696 3489 727 3547 et
745 3491 821 3547 tunc
843 3483 1035 3562 commotior,
1060 3503 1121 3566 quo
1144 3483 1249 3548 minus
1272 3489 1348 3546 stru-

310 3594 377 3653 eret
397 3589 530 3653 crimina
546 3594 578 3651 et
593 3597 802 3669 accusatores,
826 3605 909 3650 novo
925 3592 956 3650 et
971 3586 1068 3650 furori
1083 3588 1227 3669 proximo
1241 3606 1347 3650 amore

115 3674 117 3677 ⁵
218 3726 221 3731 ·
310 3692 529 3757 distinebatur.
574 3711 650 3755 nam
686 3690 720 3753 in
754 3689 787 3754 0.
816 3689 941 3771 Silium,
978 3690 1150 3754 iuventutis
1187 3691 1348 3755 Romanae

309 3794 563 3879 pulcherrimum,
587 3794 632 3858 ita
648 3799 820 3874 exarserat,
843 3799 879 3857 ut
893 3792 1018 3857 Iuniam
1034 3792 1186 3876 Silanam,
1210 3792 1347 3858 nobilem

310 3897 472 3979 feminam,
496 3897 695 3961 matrimonio
719 3898 787 3961 eius
815 3897 997 3960 exturbaret
1020 3916 1185 3979 vacuoque
1207 3896 1347 3961 adultero
