2984 4275
315 180 356 245 10
550 199 600 255 Ao
619 214 734 254 excesu
751 199 786 253 n.
798 199 925 269 Augusti
942 200 985 253 xr
1005 203 1116 256 rs-aa.

313 371 542 438 inexorabilem
565 373 657 456 scias,
682 373 732 437 cui
755 380 880 439 tantum
895 373 1074 458 asperitatis
1089 374 1185 437 ctiam
1200 373 1355 440 adversus

314 475 399 541 levia
422 477 616 542 credebatur.

173 593 203 638 et
216 591 264 645 tur
421 579 470 645 19.
509 580 655 645 Ceterum
682 581 710 645 is
738 588 839 646 terror
868 583 983 647 milites
1006 582 1175 663 hostesque
1197 580 1231 646 in
1253 581 1354 647 diver·

154 662 187 707 θ’*
200 662 284 716 W
315 701 386 747 sum
415 683 548 748 adfecit:
583 704 641 750 nos
670 686 819 750 virtutem
848 685 1006 767 auximus,
1041 684 1170 750 barbari
1203 685 1353 750 ferociam

201 730 209 774 r

148 732 298 853 ardidim
314 785 481 870 infregere.
526 794 559 853 et
587 789 675 853 natio
705 789 887 872 Frisiorum,
922 795 995 874 post
1027 789 1233 854 rebellionem
1263 789 1354 854 clade

154 869 287 984 5⁸3}ng
314 891 349 956 L.
374 891 506 975 Apronii
528 900 673 976 coeptam
696 892 824 957 infensa
846 901 901 957 aut
923 893 1007 958 male
1030 893 1105 976 fida,
1135 891 1218 957 datis
1240 892 1354 959 obsidi-

314 996 375 1060 bus
402 996 544 1060 consedit
569 994 655 1079 apud
681 1016 776 1079 agros
802 1018 822 1060 a
848 996 1024 1062 Corbulone
1051 997 1238 1080 descriptos:
1269 996 1354 1061 idem

314 1105 470 1182 senatum,
502 1100 711 1183 magistratus,
742 1100 831 1182 leges
857 1100 1005 1183 inposuit.
1043 1120 1082 1163 ac
1104 1120 1145 1164 ne
1171 1100 1259 1165 iussa
1280 1120 1354 1164 exu-

314 1208 413 1284 erent,
436 1202 630 1285 praesidium
652 1203 842 1286 immunivit,
866 1204 971 1268 missis
987 1204 1042 1286 qui
1056 1205 1193 1268 maiores
1207 1202 1352 1269 Chaucos

313 1305 356 1369 ad
378 1305 572 1370 deditionem
594 1306 790 1389 pellicerent,
814 1307 908 1371 simul
923 1306 1127 1371 Gannascum
1147 1306 1221 1372 dolo
1242 1307 1354 1389 adgre-

314 1409 472 1474 derentur.
510 1429 570 1473 nec
596 1410 710 1474 inritae
739 1416 795 1474 aut
823 1409 998 1493 degeneres
1027 1410 1162 1476 insidiae
1189 1411 1278 1475 fuere
1300 1411 1354 1474 ad·

313 1521 424 1578 versus
450 1512 650 1596 transfugam
678 1521 710 1577 et
737 1514 924 1579 violatorem
952 1514 1038 1579 fidei.
1075 1514 1132 1579 scd
1159 1514 1258 1579 caede
1285 1515 1354 1578 eius

314 1622 420 1680 motae
442 1615 639 1680 Chaucorum
663 1623 795 1700 mentes,
820 1624 852 1681 et
870 1617 1006 1682 Corbulo
1029 1618 1152 1682 semina
1173 1617 1354 1683 rebellionis

313 1720 497 1803 praebebat,
528 1727 563 1784 ut
589 1720 676 1785 laeta
702 1719 788 1803 apud
815 1721 991 1804 plerosque,
1022 1722 1068 1785 ita
1090 1721 1177 1805 apud
1198 1721 1353 1803 quosdam

314 1822 442 1887 sinistra
463 1822 559 1888 fama.
584 1844 640 1888 cnr
662 1824 786 1888 hostem
808 1825 965 1890 conciret?
994 1824 1131 1890 adversa
1152 1825 1185 1889 in
1208 1845 1274 1889 rem
1297 1844 1353 1907 pu-

313 1927 430 1992 blicam
457 1946 584 1991 casura:
614 1927 663 1992 sin
686 1947 836 2012 prospere
864 1928 990 2011 egisset,
1021 1927 1258 1993 formidolosum
1281 1927 1354 2011 paci

314 2031 416 2094 virum
443 2030 601 2113 insignem
632 2038 664 2095 et
689 2031 808 2114 ignavo
837 2031 971 2116 principi
1001 2052 1219 2115 praegravem.
1257 2031 1355 2112 igitur

313 2133 465 2200 Claudius
491 2134 571 2200 adeo
601 2156 717 2201 novam
747 2137 781 2201 in
810 2134 997 2201 Germanias
1023 2136 1089 2200 vim
1120 2134 1288 2219 prohibuit,
1319 2140 1354 2199 ut

313 2238 424 2303 referri
445 2240 606 2322 praesidia
628 2240 674 2305 cis
695 2239 844 2305 Rhenum
867 2239 997 2305 iuberet.

166 2352 275 2397 constas
321 2330 324 2335 ¹
417 2343 470 2408 20.
507 2344 577 2407 Iam
605 2351 709 2409 castra
736 2344 770 2407 in
797 2343 903 2408 hostili
926 2344 992 2409 solo
1019 2343 1162 2408 molienti
1184 2342 1354 2408 Corbuloni

140 2421 296 2544 ffiw‘
313 2466 371 2512 eae
393 2446 519 2511 litterae
541 2446 725 2511 redduntur.
766 2447 819 2510 illc
841 2467 875 2511 re
898 2448 1013 2530 subita,
1038 2467 1231 2529 quamquam
1254 2447 1354 2510 multa

157 2559 282 2605 asama.
313 2551 408 2615 simul
430 2548 678 2630 effunderentur,
702 2556 805 2614 metus
827 2570 868 2614 ex
882 2550 1081 2634 imperatore,
1105 2550 1297 2633 contemptio
1312 2569 1354 2614 ex

313 2653 466 2733 barbaris,
497 2652 668 2717 ludibrium
696 2651 782 2736 apud
812 2652 921 2734 socios,
952 2653 1032 2716 nihil
1058 2653 1145 2717 aliud
1175 2654 1354 2735 prolocutus

313 2777 409 2838 quam
433 2748 553 2821 ‘beatos
576 2755 737 2837 quondam
754 2755 850 2820 duces
865 2752 1044 2837 Romanos’,
1068 2756 1195 2838 signum
1214 2757 1355 2840 receptui

314 2860 410 2925 dedit.
441 2865 476 2924 ut
497 2865 605 2923 tamen
628 2859 719 2924 miles
741 2859 838 2924 otium
863 2866 1002 2941 exueret,
1025 2859 1107 2923 inter
1129 2858 1251 2924 Mosam
1273 2858 1354 2925 Rhe-

314 2982 453 3043 numque
475 2963 570 3047 trium
594 2969 627 3028 ct
647 2962 762 3045 viginti
785 2963 906 3027 milium
930 2963 1031 3046 spatio
1054 2962 1172 3027 fossam
1194 2963 1352 3046 perduxit,

303 3062 379 3149 'qua
403 3068 526 3132 incerta
552 3066 672 3133 Oceani
694 3068 879 3132 vitarentur.
917 3067 1042 3150 insigne
1069 3074 1176 3132 tamen
1202 3067 1355 3152 triumphi

313 3172 446 3237 indulsit
468 3172 594 3255 Caesar,
619 3172 766 3253 quamvis
788 3171 906 3237 bellum
930 3171 1122 3255 negavisset.

174 3292 265 3337 camur
418 3276 486 3341 Nec
517 3278 615 3341 multo
645 3283 716 3362 post
745 3276 870 3341 Curtius
900 3276 1001 3341 Rufus
1035 3276 1170 3341 eundem
1201 3273 1353 3340 honorem

154 3362 288 3475 midi?
313 3379 507 3464 adipiscitur,
532 3381 641 3463 quiin
661 3400 741 3463 agro
760 3381 909 3445 Mattiaco
931 3381 1102 3445 recluserat
1124 3398 1237 3464 specus
1260 3398 1354 3460 quae·

167 3499 271 3551 octones
313 3483 422 3548 rendis
436 3485 528 3548 venis
550 3484 686 3570 argenti3
710 3485 795 3549 unde
817 3485 920 3549 tennis
943 3484 1063 3548 fructus
1085 3502 1145 3547 nec
1165 3483 1200 3547 in
1222 3483 1352 3565 longum

141 3567 297 3682 ,ffifimssgt
314 3586 387 3652 fuit:
422 3595 456 3652 at
484 3588 662 3671 legionibus
696 3609 768 3654 cum
802 3588 919 3653 damno
953 3589 1052 3670 labor,
1087 3587 1225 3652 effodere
1258 3587 1352 3671 rivos,

201 3716 238 3751 aa.
316 3711 460 3774 quaeque
481 3693 514 3757 in
530 3700 639 3776 aperto
654 3693 775 3775 gravia,
799 3691 929 3757 humum
949 3692 1034 3757 iufra
1055 3691 1166 3755 moliri.
1183 3691 1261 3773 ·quis
1283 3693 1354 3757 sub·
1401 3746 1404 3751 .

153 3775 284 3890 ”ifflm‘
314 3802 405 3860 actus
428 3796 526 3877 miles,
550 3803 582 3859 et
605 3797 679 3878 quia
701 3797 806 3879 plures
827 3815 884 3879 per
906 3795 1084 3879 provincias
1107 3794 1220 3861 similia
1242 3795 1354 3860 tolcra-

160 3915 275 3960 enoca.
313 3899 438 3980 bantur,
473 3900 632 3983 componit
666 3900 805 3964 occultas
838 3899 958 3964 litteras
989 3899 1117 3965 nominc
1147 3900 1352 3985 exercituum,

1485 2412 1486 2457 l

1483 2524 1486 2563 r

1483 2611 1485 2669 l

1482 2716 1484 2777 l

1480 2830 1483 2891 l
