2984 4275
311 163 354 228 62
531 180 581 236 Ab
600 196 717 235 excessu
733 180 767 234 D.
781 179 909 250 Augusti
927 180 1000 235 XIII
1019 182 1131 236 21-25.

310 356 419 420 mitiae
440 355 611 421 inimicitiis
633 354 753 438 gratias
775 371 916 436 agerem,
941 355 968 420 si
987 354 1211 419 benevolentia
1226 376 1350 422 mecum

309 459 343 525 in
364 461 525 526 Neronem
548 479 655 524 meum
683 465 831 524 certaret:
860 479 945 523 nunc
971 477 1028 543 per
1050 458 1262 524 concubinum
1284 460 1350 523 Ati-

310 570 429 629 metum
453 571 484 629 et
506 564 691 630 histrionem
707 563 855 629 Paridem
871 564 961 646 quasi
977 582 1113 628 scaenae
1128 562 1253 628 fabulas
1269 584 1350 629 com-

309 668 408 752 ponit.
445 668 596 733 Baiarum
625 687 753 732 suarum
784 667 921 751 piscinas
954 667 1138 750 extollebat,
1169 687 1241 731 oum
1271 667 1350 732 meis

222 775 226 784 “
309 772 448 837 consiliis
474 771 602 855 adoptio
629 778 662 836 et
688 772 909 856 proconsulare
938 771 988 836 ius
1017 779 1048 835 et
1075 770 1253 853 designatio
1280 793 1351 838 con·

309 876 428 941 sulatus
444 882 476 940 et
491 881 597 940 cetera
612 874 784 958 apiscendo
798 874 932 959 imperIo
948 882 1223 959 praepararentur.
1240 883 1351 941 auctor

309 980 449 1062 exsistat,
474 980 529 1061 qni
543 980 687 1045 cohortes
701 979 737 1043 in
750 979 828 1045 urbe
844 984 1024 1062 temptatas,
1047 978 1107 1060 qui·
1117 979 1350 1063 provinciarum

308 1084 406 1149 fidem
428 1083 664 1167 labefactatam,
689 1084 828 1164 denique
850 1102 957 1150 servos
971 1083 1024 1148 rel
1046 1083 1176 1147 libertos
1190 1082 1232 1147 ad
1247 1084 1350 1150 scelus

309 1193 471 1271 corruptos
497 1193 619 1269 arguat.
657 1187 766 1252 vivere
789 1205 849 1270 ego
876 1186 1059 1251 Britannico
1081 1186 1223 1269 potiente
1244 1207 1350 1252 rerum

309 1291 473 1376 poteram?
496 1310 534 1355 ao
556 1290 584 1356 si
605 1291 737 1355 Plautus
760 1297 815 1354 aut
837 1290 1012 1372 quisalius
1033 1309 1101 1356 rem
1124 1289 1284 1373 publicam
1307 1291 1350 1354 iu·

308 1394 471 1460 dicaturus
493 1393 673 1479 obtinuerit,
698 1395 812 1462 desunt
832 1394 952 1460 scilicet
966 1393 1044 1460 mihi
1066 1400 1272 1479 accusatores,
1296 1395 1350 1476 qui

308 1519 372 1564 non
400 1499 498 1563 verba
523 1497 721 1582 impatientia
752 1497 893 1563 caritatis
926 1497 1098 1579 aliquando
1125 1497 1262 1582 incauta,
1294 1498 1351 1563 sed

308 1622 348 1668 ea
369 1602 501 1667 crimina
524 1602 673 1684 obiciant,
702 1602 816 1684 quibus
838 1603 899 1667 nisi
921 1624 941 1667 a
964 1602 1029 1667 filio
1051 1602 1173 1666 absolvi
1195 1622 1259 1667 non
1282 1622 1350 1685 pos-

308 1702 390 1771 sim?
427 1706 592 1771 commotis
615 1706 669 1787 qui
695 1706 831 1771 aderant
854 1707 998 1787 ultroque
1025 1706 1153 1789 spiritus
1179 1706 1246 1770 eius
1270 1706 1351 1771 miti-

307 1810 467 1893 gantibus,
491 1810 692 1892 conloquium
707 1809 764 1874 filii
778 1810 930 1894 exposcit,
953 1810 1009 1875 ubi
1030 1809 1110 1874 nihil
1131 1829 1188 1894 pro
1203 1809 1350 1878 innocen·

307 1915 362 1996 tia,
386 1913 477 1995 quasi
499 1913 666 1997 diffideret,
689 1934 750 1979 nec
772 1914 812 1978 de
828 1914 1002 1995 beneficiis,
1026 1914 1117 1995 quasi
1132 1913 1348 1998 exprobraret,

308 2018 463 2100 disseruit,
495 2018 552 2083 sed
579 2018 731 2084 ultionem
758 2018 792 2081 in
822 2018 980 2083 delatores
1010 2024 1042 2083 et
1069 2017 1212 2101 praemia
1239 2017 1350 2083 amicis

308 2122 453 2190 obtinuit.

149 2236 276 2290 auctorato
412 2226 464 2294 22.
503 2228 707 2293 Praefectura
737 2247 885 2292 annonae
917 2226 1036 2291 Faenio
1069 2225 1161 2309 Rufo,
1197 2245 1273 2290 cura
1306 2227 1350 2290 lu·

154 2305 267 2429 „nm
309 2330 434 2413 dorum,
473 2332 527 2413 qui
560 2351 580 2394 a
614 2331 749 2396 Caesare
785 2330 995 2414 parabantur,
1035 2329 1183 2394 Arruntio
1218 2328 1346 2412 Stellae,

307 2434 474 2519 Aegyptus
489 2435 537 2499 Ti.
550 2434 686 2500 Balbillo
705 2433 939 2519 permittuntur.
964 2432 1056 2498 Suria
1070 2434 1105 2498 P.
1118 2432 1233 2497 Anteio
1256 2432 1349 2497 desti·

308 2545 395 2622 nata,
427 2544 475 2602 set
501 2537 597 2602 variis
628 2558 703 2602 mox
730 2537 851 2602 artibus
882 2538 996 2619 elusus,
1026 2537 1069 2602 ad
1095 2543 1288 2620 postremum
1315 2536 1348 2601 in

307 2643 386 2707 urbe
408 2648 550 2706 retentus
572 2648 629 2706 est.
667 2649 701 2706 at
728 2641 838 2707 Silana
864 2641 898 2706 in
927 2641 1057 2705 exilium
1084 2647 1166 2724 acta,
1194 2640 1349 2705 Calvisius

306 2764 431 2827 quoque
468 2752 500 2809 et
532 2745 648 2810 Iturius
681 2746 876 2829 relegantur,
915 2745 956 2810 de
985 2744 1126 2809 Atimeto
1160 2744 1348 2827 supplicium

306 2854 477 2933 sumptum,
500 2848 653 2913 validiore
668 2849 756 2934 apud
771 2849 921 2914 libidines
937 2848 1089 2933 principis
1104 2848 1228 2930 Paride,
1251 2867 1348 2929 quam

306 2960 341 3017 ut
364 2973 467 3036 poena
488 2952 687 3019 adficeretur.
713 2953 845 3018 Plautus
866 2953 909 3018 ad
933 2972 1081 3037 praesens
1103 2952 1227 3017 silentio
1249 2959 1348 3017 trans·

307 3055 420 3122 misam
442 3064 499 3121 est.

18 3228 19 3233 ,
184 3176 241 3256 Μ
410 3160 462 3226 23.
486 3161 680 3229 Deferuntur
701 3161 818 3226 dehinc
833 3160 1030 3227 consensisse
1045 3159 1346 3243 PallasacBurrus,

18 3260 19 3309 1
133 3244 285 3366 Mh‘wflssffffg‘
306 3272 341 3328 ut
363 3264 526 3329 Cornelius
548 3264 637 3330 Sulla
660 3265 847 3330 claritudine
869 3263 995 3347 generis
1017 3271 1049 3328 et
1070 3263 1236 3328 adfinitate
1258 3263 1346 3328 Clau-

19 3414 20 3417 ,
138 3383 182 3427 unt
197 3382 284 3428 soemo
307 3368 360 3452 dii,
388 3368 438 3433 cui
465 3389 522 3452 per
543 3369 671 3452 nuptias
692 3368 852 3433 Antoniae
878 3387 978 3450 gener
1005 3374 1081 3449 erat,
1109 3367 1152 3430 ad
1178 3366 1345 3450 imperium

153 3453 266 3568 „2232
306 3478 479 3537 vocaretur.
503 3472 571 3537 eius
586 3472 795 3537 accusationis
810 3478 920 3536 auctor
935 3471 1055 3535 exstitit
1072 3472 1187 3535 Paetus
1206 3470 1346 3554 quidam,

306 3576 491 3641 exercendis
521 3577 606 3660 apud
636 3576 795 3643 aerarium
823 3575 1017 3640 sectionibus
1047 3575 1188 3639 famosus
1218 3581 1250 3639 et
1280 3581 1347 3638 tum

305 3681 455 3745 vanitatis
480 3679 674 3747 manifestus.
709 3700 769 3745 nec
791 3687 856 3744 tam
879 3686 971 3762 grata
992 3678 1146 3744 Pallantis
1169 3678 1349 3743 innocentia

305 3804 402 3865 quam
424 3784 530 3866 gravis
545 3785 694 3868 superbia
716 3785 790 3849 fuit:
814 3785 931 3867 quippe
946 3783 1118 3849 nominatis
1133 3783 1253 3848 libertis
1269 3783 1346 3863 eius,

305 3908 384 3969 quos
407 3888 548 3952 conscios
570 3889 711 3971 haberet,
740 3888 904 3972 respondit
927 3887 1006 3951 nihil
1029 3907 1180 3969 umquam
1203 3906 1238 3950 se
1261 3885 1347 3951 domi
