2984 4275
486 166 666 222 anesis.
690 166 848 235 001105.
1128 150 1189 214 113

146 337 300 402 11110101
323 338 411 402 illum
434 339 537 404 locum
560 340 704 423 promissi
727 361 839 425 specus
855 341 1032 426 adseverat,
1056 364 1189 424 sequun-

145 448 260 523 turque
272 463 339 507 ·101
355 443 448 507 modo
465 444 587 528 milites,
604 445 661 509 sed
684 446 818 529 populus
833 448 1004 529 agrestium
1021 447 1188 513 efficiendo

146 547 234 630 operi
248 546 445 631 adsumptus,
461 548 592 613 tandem
606 549 709 633 posita
723 551 901 632 vaecordia,
917 572 982 616 non
997 552 1078 616 falsa
1093 559 1188 617 antea

147 652 272 715 somnia
283 670 341 715 sua
352 671 449 733 seque
460 659 537 717 tunc
553 653 689 735 primum
706 654 829 718 elusum
844 654 1014 737 admirans,
1031 655 1187 739 pudorem

145 759 177 818 et
191 761 310 819 metum
322 762 421 819 morte
436 756 614 821 voluntaria
626 757 745 839 effugit.
768 757 897 838 quidam
909 759 1050 823 vinctum
1062 780 1101 823 ac
1113 781 1186 825 mox

145 857 307 923 dimissum
324 858 484 924 tradidere
499 859 657 944 ademptis
676 861 768 926 bonis
781 862 814 924 in
834 862 937 926 locum
956 865 1061 946 regiae
1076 884 1184 946 gazae.

249 962 280 1026 4.
314 964 441 1027 Interea
467 969 605 1048 senatus,
633 965 808 1048 propinquo
835 965 898 1028 iam
930 966 1052 1029 lustrali
1087 973 1186 1030 00110-
1248 967 1318 1047 113111

144 1065 239 1149 mine,
271 1073 307 1129 ut
334 1066 472 1131 dedecus
499 1074 665 1149 averteret,
694 1068 786 1133 offert
812 1068 994 1152 imperatori
1021 1071 1185 1135 victoriam
1217 1035 1349 1157 'amp‘

145 1176 258 1234 cantus
281 1170 440 1252 adicitque
462 1171 632 1236 facundiae
660 1192 820 1254 coronam,
848 1193 912 1255 qua
938 1173 1059 1238 ludicra
1085 1174 1185 1239 110101-
1213 1175 1305 1257 conano
1317 1178 1352 1220 ³¹⁶
1392 1258 1395 1267 Ι

145 1274 240 1338 milas
262 1275 429 1340 velaretur.
453 1276 510 1340 sed
525 1276 611 1341 Nero
633 1277 713 1341 nihil
735 1278 857 1342 ambitu
880 1298 939 1342 100
962 1284 1117 1360 potestate
1141 1299 1185 1343 se·
1222 1244 1345 1297 (mmm

143 1383 239 1441 natus
261 1397 339 1461 opus
362 1399 431 1444 esse
454 1379 611 1464 dictitans,
635 1400 670 1444 se
691 1401 829 1461 aequum
853 1381 1022 1446 adversum
1045 1384 1186 1447 aemulos

144 1486 176 1544 01
191 1480 344 1564 religione
359 1482 499 1547 iudicum
514 1485 660 1548 meritam
682 1485 811 1549 laudem
827 1485 1061 1569 adsecuturum,
1085 1487 1186 1570 primo

143 1607 272 1651 carmen
293 1588 327 1651 in
347 1608 463 1654 scaena
478 1589 604 1673 recitat;
628 1610 702 1654 mox
718 1588 884 1672 flagitante
900 1591 1005 1674 vulgo,
1029 1597 1064 1655 ut
1080 1591 1186 1678 omnia

143 1690 248 1755 studia
264 1711 321 1755 sua
340 1691 516 1775 publicaret
533 1692 626 1778 (haec
641 1694 726 1757 enim
741 1694 840 1758 verba
856 1693 988 1778 dixere),
1009 1693 1187 1776 ingreditur

142 1796 310 1878 theatrum,
334 1797 456 1862 cunctis
472 1797 611 1861 citharae
632 1797 757 1879 legibus
772 1796 1005 1881 obtemperans,
1028 1818 1070 1862 ne
1085 1797 1186 1862 fessus

143 1899 303 1983 resideret,
339 1920 379 1964 10
409 1900 557 1965 sudorem
587 1901 648 1966 nisi
678 1921 726 1984 ea,
763 1921 860 1981 quam
889 1900 1014 1965 indutui
1043 1902 1184 1983 gerebat,

142 2012 232 2067 veste
259 2003 447 2086 detergeret,
478 2011 514 2069 ut
541 1995 629 2069 nulla
657 2005 719 2069 oris
747 2011 802 2069 aut
829 2005 953 2068 narium
981 2011 1185 2068 excrementa

142 2107 329 2174 viserentur.
360 2115 519 2192 postremo
541 2108 643 2174 flexus
666 2128 752 2191 genu
776 2114 808 2173 et
830 2115 954 2173 coetum
976 2108 1064 2173 illum
1086 2129 1184 2174 manu

140 2220 312 2276 veneratus
338 2214 513 2276 sententias
540 2212 679 2276 iudicum
707 2212 930 2296 opperiebatur
957 2211 1028 2276 11010
1056 2232 1181 2295 pavore.

142 2322 173 2378 et
195 2316 288 2399 plebs
311 2316 438 2398 quidem
461 2316 558 2400 urbia,
586 2316 773 2381 histrionum
797 2335 922 2396 quoque
945 2321 1053 2398 gestus
1074 2315 1183 2379 iuvare

140 2419 242 2502 solita,
267 2421 458 2502 personabat
481 2421 572 2484 certis
588 2421 689 2484 modis
712 2422 889 2504 plausuque
913 2420 1094 2503 composito.
1119 2440 1183 2484 cre-

139 2523 231 2587 deres
257 2524 380 2606 laetari,
411 2543 449 2587 ac
476 2524 612 2589 fortasse
641 2525 845 2589 laetabantur
867 2546 925 2609 per
946 2525 1100 2589 incuriam
1128 2544 1182 2608 pu-

140 2625 213 2690 blici
236 2626 358 2709 flagitii.

244 2729 274 2796 b.
310 2729 375 2795 Sed
397 2732 451 2812 qui
478 2733 605 2796 remotis
621 2711 645 2796 xe
668 2732 847 2816 municipiis
875 2753 1049 2813 severaque
1076 2733 1181 2798 adhuc
1209 2747 1349 2801 aeteruum

140 2840 171 2897 et
192 2834 315 2914 antiqui
338 2836 432 2899 moris
455 2836 612 2900 retinente
638 2837 741 2920 Itaha,
770 2837 886 2918 quique
913 2857 971 2920 per
993 2837 1181 2919 longinquas
1208 2819 1349 2940 cordubam

138 2937 317 3020 provincias
345 2938 474 3003 lascivia
500 2939 659 3022 inexperti
686 2939 790 3004 officio
817 2940 1013 3022 legationum
1040 2947 1095 3005 aut
1122 2941 1181 3024 pri-
1262 2957 1298 3001 10

137 3047 214 3105 vata
236 3041 371 3105 utilitate
393 3042 599 3126 advenerant,
624 3063 727 3124 neque
750 3052 915 3126 aspectum
937 3045 1025 3109 illum
1048 3046 1182 3109 tolerare
1217 3028 1342 3149 ῗᾏῇζῗξζ

138 3165 241 3227 neque
271 3146 372 3209 labori
400 3145 568 3211 inhonesto
599 3147 755 3231 sufficere,
786 3167 858 3211 cum
890 3149 1037 3213 manibus
1067 3149 1181 3213 nesciis
1267 3167 1304 3210 10

137 3248 331 3332 fatiscerent,
363 3251 527 3315 turbarent
554 3271 670 3333 gnaros
698 3272 736 3315 00
767 3272 862 3336 saepe
890 3273 910 3316 a
938 3254 1087 3318 mihtibus
1115 3273 1180 3317 ver·
1204 3236 1354 3289 mmmm·

136 3351 332 3437 berarentur,
357 3355 411 3435 qui
433 3374 490 3436 per
505 3373 621 3419 cuneos
636 3355 773 3438 stabant,
797 3375 838 3419 10
854 3356 939 3437 quod
954 3356 1102 3438 temporis
1118 3375 1181 3419 mo-

139 3462 282 3520 mentum
316 3458 419 3540 inpari
449 3459 585 3523 elamore
618 3464 673 3522 aut
702 3460 827 3524 silentio
862 3460 952 3542 segni
985 3460 1179 3542 praeteriret.

138 3560 278 3627 constit't
306 3562 473 3649 plerosque
503 3564 653 3647 equitum,
690 3563 767 3627 dum
797 3584 853 3647 per
882 3563 1046 3645 angustias
1076 3562 1180 3627 aditus

138 3670 169 3728 et
189 3666 394 3746 ingruentem
416 3667 652 3731 multitudinem
676 3652 848 3751 enituntur,
873 3667 1013 3748 obtritos,
1038 3674 1069 3731 et
1091 3666 1178 3748 alios,

137 3769 212 3833 dum
236 3768 321 3835 diem
345 3776 533 3852 noctemque
556 3772 707 3836 sedilibus
726 3773 923 3854 continuant,
947 3772 1056 3836 morbo
1071 3770 1180 3834 exitia-

136 3871 192 3937 bili
215 3880 384 3957 correptos.
409 3876 525 3959 quippe
548 3875 674 3957 gravior
688 3876 791 3939 inerat
815 3882 926 3959 metus,
951 3876 977 3939 si
1000 3875 1179 3958 spectaculo
