2984 4275
490 191 513 229 a.
527 175 561 230 u.
575 191 599 229 a
612 179 671 233 sou.
695 192 723 244 p.
736 175 798 230 cnr.
811 179 853 232 54.
1150 160 1192 225 55

148 347 271 430 ingens,
284 346 392 413 verbis
406 347 583 430 magnificis
599 355 631 413 et
647 368 741 432 super
753 348 982 432 experientiam
993 350 1192 433 sapientiam·

147 470 207 533 que
230 451 328 515 etiam
350 452 457 535 specie
478 452 623 516 inanium
649 452 783 517 validus.

252 556 283 620 9.
318 555 465 620 Ceterum
495 563 629 638 uterque
656 556 699 620 ad
721 555 912 639 Vologesem
938 576 1046 639 regem
1073 557 1192 622 nuntiis
1233 574 1345 627 orosae

147 660 329 744 monebant,
352 679 466 744 pacem
481 679 576 742 quam
600 659 717 724 bellum
733 661 845 725 mallet
869 660 1014 742 datisque
1029 660 1192 728 obsidibus
1218 644 1359 765 mla?

148 764 272 828 solitam
295 764 452 848 prioribus
475 765 687 829 reverentiam
709 764 743 828 in
759 765 911 848 populum
926 766 1105 829 Romanum
1121 785 1191 830 con·
1256 743 1351 825 εικῆ(

147 867 296 932 tinuaret.
322 874 354 933 et
368 868 550 952 Vologeses,
575 888 639 950 quo
662 868 780 933 bellum
804 888 845 933 ex
868 868 1031 934 commodo
1054 875 1190 952 pararet,
1209 850 1365 965 &ffffi‘ssm

144 984 189 1034 'an
217 977 253 1036 ut
279 971 499 1036 aemulationis
527 978 689 1056 suspectos
715 992 774 1056 per
796 992 913 1037 nomen
940 971 1085 1036 obsidum
1108 992 1191 1037 amo
1222 989 1353 1035 annotatas

147 1082 246 1159 reret,
279 1075 374 1140 tradit
405 1076 615 1141 nobilissimos
645 1096 686 1141 ex
716 1076 839 1140 familia
869 1076 1103 1141 Arsacidarum.
1141 1095 1190 1140 ao·
1221 1058 1353 1180 &23:22³

148 1180 294 1262 cepitque
317 1199 371 1243 eos
393 1181 538 1244 centurio.
556 1180 693 1245 Insteius
715 1181 757 1245 ab
777 1179 940 1246 Ummidio
963 1180 1086 1265 missus,
1110 1179 1191 1244 forte

147 1283 293 1365 priores
316 1283 356 1347 de
379 1302 475 1347 causa
497 1283 583 1348 adito
606 1303 692 1366 rege.
724 1283 810 1365 quod
833 1290 1001 1368 postquam
1022 1283 1193 1348 Corbuloni

146 1386 307 1469 cognitum
330 1393 386 1470 est,
414 1387 460 1452 ire
483 1387 679 1470 praefectum
706 1387 842 1452 cohortis
869 1386 995 1451 Arrium
1018 1386 1138 1451 Varum
1161 1393 1194 1451 et

148 1491 322 1573 reciperare
345 1490 472 1556 obsides
493 1490 590 1555 iubet.
615 1490 690 1555 hinc
710 1496 812 1555 ortum
834 1490 917 1555 inter
941 1489 1137 1573 praetectum
1160 1498 1192 1555 et

149 1594 365 1659 centurionem
387 1594 523 1677 iurgium
545 1614 587 1659 ne
605 1594 724 1660 diutius
747 1594 887 1660 externis
900 1595 1085 1678 >spectaculo
1101 1602 1191 1675 esset,

150 1697 313 1763 arbitrium
335 1698 383 1762 rei
405 1698 568 1763 obsidibus
582 1699 770 1782 legatisque,
794 1698 849 1779 qui
864 1718 917 1763 eos
933 1698 1102 1783 ducebant,
1124 1720 1195 1784 per<

150 1801 288 1868 missum.
326 1807 422 1885 atque
444 1802 491 1865 illi
512 1822 570 1886 per
591 1808 752 1867 recentem
774 1802 909 1884 gloriam
931 1809 963 1866 et
984 1802 1192 1868 inclinatione

149 1906 286 1987 quadam
310 1907 407 1970 etiam
429 1904 568 1971 hostium
583 1906 794 1972 Corbulonem
816 1906 1003 1990 praetulere.
1027 1907 1113 1972 unde
1132 1908 1191 1972 dis-

148 2009 254 2075 cordia
283 2010 366 2075 inter
396 2011 507 2092 duma,
535 2017 688 2093 querente
717 2010 878 2075 Ummidio
915 2019 1081 2094 praerepta
1111 2031 1193 2092 quae

149 2114 213 2179 suis
240 2114 377 2180 consiliis
404 2114 600 2198 patravisset,
632 2120 768 2180 testante
795 2126 905 2180 contra
927 2113 1106 2180 Corbulone
1128 2134 1191 2180 non

149 2220 234 2302 prius
250 2238 438 2284 conuersum
461 2239 569 2302 regem
591 2219 634 2284 ad
656 2217 835 2284 offerendos
851 2218 985 2299 obsides,
1009 2238 1105 2300 quam
1124 2219 1192 2303 ipse

150 2322 215 2386 dux
241 2323 326 2388 bello
353 2322 495 2387 delectus
523 2342 596 2406 spes
618 2323 686 2388 eius
714 2321 757 2386 ad
780 2328 900 2386 metum
923 2326 1068 2386 mutaret.
1107 2322 1192 2386 Nero

150 2447 211 2509 quo
238 2433 431 2510 conponeret
457 2426 611 2510 diversos,
643 2426 688 2491 sic
716 2426 862 2509 evulgari
887 2425 993 2491 iussit:
1025 2428 1065 2491 ob
1093 2447 1145 2492 res
1172 2448 1193 2491 a

150 2529 312 2607 Quadrato
346 2538 379 2594 et
413 2530 589 2595 Corbulone
621 2550 771 2614 prospere
804 2537 912 2613 gestas
944 2531 1069 2596 laurum
1102 2530 1192 2595 fasci·

150 2635 209 2699 bus
238 2634 449 2718 imperatoriis
476 2633 564 2698 addi.
611 2653 692 2715 quae
725 2634 760 2698 in
790 2633 869 2698 alios
896 2634 1041 2699 consules
1063 2655 1192 2718 egressa

150 2738 310 2803 coniunxi.

257 2842 306 2906 10.
330 2841 452 2913 Eodem
474 2861 558 2907 anno
574 2841 690 2907 Caesar
713 2841 853 2924 effigiem
875 2841 932 2906 Cn.
948 2842 1087 2907 Domitio
1109 2842 1193 2926 patri
1222 2828 1225 2835 ¹
1255 2854 1325 2933 pero

150 2952 181 3009 et
203 2945 382 3010 consularia
402 2945 543 3027 insignia
564 2945 701 3010 Asconio
724 2945 877 3028 Labeoni,
908 2964 970 3026 quo
992 2951 1096 3010 tutore
1118 2966 1193 3011 usus
1227 2923 1348 2976 mmm

152 3057 229 3133 erat,
258 3049 368 3132 petivit
390 3070 410 3113 a
432 3056 558 3135 senatu3
587 3049 711 3131 sibique
739 3056 861 3114 statuas
883 3056 1016 3132 argento
1038 3050 1089 3114 vel
1116 3069 1194 3114 auro

151 3153 269 3217 solidas
291 3154 444 3219 adversus
466 3154 634 3220 offerentes
657 3153 829 3238 prohibuit.
853 3160 885 3220 et
908 3174 1101 3237 quamquam
1124 3175 1194 3220 ceu-

151 3256 291 3321 suissent
313 3264 428 3340 patres,
456 3263 493 3321 ut
514 3257 703 3341 principium
726 3257 805 3322 anni
825 3256 980 3341 inciperet
1004 3278 1112 3324 mense
1134 3259 1195 3323 De-

152 3360 281 3442 cembri,
310 3379 372 3442 quo
395 3367 481 3426 ortus
503 3368 571 3425 erat
593 3362 687 3443 Nero,
711 3367 852 3427 veterem
874 3362 1063 3444 religionem
1085 3362 1194 3427 kalen-

152 3463 265 3528 darum
288 3464 508 3529 Ianuariarum
530 3464 710 3530 inchoando
738 3486 823 3530 anno
846 3465 984 3530 retinuit.
1022 3484 1127 3547 neque
1149 3485 1194 3529 re-

151 3569 236 3652 cepti
259 3576 333 3633 sunt
354 3569 438 3633 inter
460 3588 530 3634 reos
547 3568 693 3634 Carrinas
715 3570 805 3635 Celer
827 3576 964 3651 senator,
990 3588 1081 3634 servo
1104 3587 1194 3633 accu-

151 3680 241 3738 sante
269 3679 324 3736 aut
351 3672 450 3738 lulius
477 3673 603 3738 Densus
630 3682 784 3755 equester,
813 3673 864 3738 cui
891 3673 981 3737 favor
1009 3672 1042 3737 in
1073 3672 1195 3736 Britan·

153 3776 259 3841 nicom
283 3775 408 3840 crimini
431 3775 574 3840 dabatur.
