2984 4275
281 156 321 220 14
513 171 563 225 Ab
582 187 699 226 excessu
717 172 751 226 D.
763 171 890 241 Augusti
907 171 950 225 XI
969 173 1081 227 25-29.

120 360 248 414 armasse
382 345 489 411 Isdem
526 345 639 411 diebus
671 345 705 409 in
738 365 906 410 numerum
943 343 1145 428 patriciorum
1182 345 1319 410 adscivit

105 432 142 476 Μ
155 429 263 545 ’ἔξω
278 449 397 515 Caesar
411 450 660 514 vetustissimum
684 468 841 533 quemque
864 469 882 514 e
898 455 1013 514 senatu
1033 455 1089 512 aut
1112 448 1227 531 quibus
1242 450 1319 514 clari

114 569 255 622 stutirem
278 559 428 636 parentes
454 552 590 636 fuerant,
620 552 731 637 paucis
758 553 822 616 iarn
849 551 978 635 reliquis
1004 551 1207 635 familiarum,
1239 572 1319 635 quas

126 639 245 758 „Qu
279 656 432 723 Romulus
454 656 609 721 maiorum
632 662 664 721 et
686 656 722 720 L.
738 656 856 720 Brutus
871 656 1027 720 minorum
1049 656 1191 738 gentium
1213 657 1319 740 appel·

278 762 431 844 laverant,
448 759 613 825 exhaustis
629 761 735 841 etiam,
753 779 832 842 quas
847 758 983 824 dictator
993 758 1111 824 Caesar
1124 760 1196 842 lege
1209 759 1319 825 Cassia

279 872 315 929 et'
339 864 487 949 princeps
516 865 679 945 Augustus
708 863 781 945 lege
810 862 928 928 Saenia
958 863 1137 946 sublegere;
1171 863 1319 947 laetaque

278 967 359 1032 haec
381 967 414 1031 in
436 987 504 1031 rem
526 967 687 1050 publicam
710 966 820 1031 munia
846 966 944 1031 multo
966 966 1084 1048 gaudio
1103 967 1241 1032 censoris
1263 967 1320 1031 ini·

176 1065 178 1069 ’
278 1073 404 1137 bantur.
428 1071 568 1136 famosos
590 1071 713 1155 probris
737 1090 875 1153 quonam
892 1070 987 1134 modo
1006 1076 1120 1134 senatu
1135 1070 1318 1154 depelleret,

279 1175 405 1257 anxius,
436 1175 546 1238 mitem
574 1180 605 1238 et
632 1193 742 1238 reeens
769 1180 928 1257 repertam
956 1193 1051 1256 quam
1082 1194 1123 1239 ex
1149 1174 1319 1239 severitate

279 1279 384 1362 prisca
405 1278 560 1343 rationem
582 1276 737 1361 adhibuit,
762 1276 929 1360 monendo,
953 1296 1061 1341 secum
1080 1276 1212 1361 quisque
1228 1277 1268 1344 de
1284 1298 1319 1343 se

280 1382 472 1447 consultaret
494 1388 678 1466 peteretque
701 1383 751 1446 ius
774 1380 913 1445 exuendi
934 1380 1067 1446 ordinis:
1102 1381 1230 1446 facilem
1253 1382 1319 1447 eius

279 1485 326 1550 rei
347 1485 485 1550 veniam.
524 1490 556 1548 et
578 1492 680 1550 motos
703 1491 818 1549 senatu
840 1492 1072 1566 excusatosque
1095 1485 1189 1550 simul
1209 1505 1319 1570 propo·

272 1589 422 1670 siturum,
454 1595 489 1652 ut
514 1588 666 1652 indicium
694 1607 861 1653 censorum
888 1607 927 1651 ao
948 1587 1052 1671 pudor
1073 1595 1186 1672 sponte
1208 1589 1319 1654 ceden-

280 1693 358 1757 tium
388 1692 546 1775 permixta
574 1691 782 1774 ignominiam
809 1692 977 1756 mollirent.
1015 1693 1056 1757 ob
1087 1711 1126 1756 ea
1147 1693 1319 1777 Vipstanus

280 1795 390 1860 consul
415 1796 535 1860 rettulit
561 1803 684 1880 patrem
714 1801 845 1860 senatus
874 1795 1100 1879 appellandum
1131 1815 1201 1861 esse
1230 1797 1320 1861 Olau-

280 1899 382 1963 dium:
413 1898 530 1983 quippe
559 1899 752 1983 promiscum
781 1899 880 1983 patris
909 1899 1033 1983 patriae
1060 1907 1318 1985 cognomentum,

281 2022 364 2067 nova
396 2003 431 2067 in
463 2022 530 2066 rem
562 2002 723 2087 publicam
758 2003 871 2067 merita
903 2022 968 2067 non
1002 2003 1126 2068 usitatis
1156 2004 1320 2069 vocabulis

280 2105 481 2172 honoranda:
511 2105 568 2173 sed
595 2107 663 2191 ipse
692 2106 833 2172 cohibuit
859 2106 1022 2172 consulem
1050 2113 1084 2171 ut
1106 2106 1239 2172 nimium
1267 2107 1320 2174 ad-

280 2217 469 2276 sentantem.
496 2211 699 2294 condiditque
726 2213 868 2294 lustrum,
893 2231 955 2294 quo
981 2230 1078 2276 censa
1106 2218 1179 2276 sunt
1201 2213 1317 2277 civium

281 2315 514 2398 quinquagiens
541 2315 674 2380 noviens
700 2322 835 2379 centena
866 2315 1026 2397 octoginta
1057 2321 1204 2397 quattuor
1229 2316 1318 2390 milia

281 2420 482 2502 septuaginta
510 2418 582 2483 duo.
620 2418 711 2501 isque
737 2418 786 2482 illi
813 2418 885 2484 finis
911 2418 1055 2483 inscitiae
1085 2439 1161 2501 erga
1191 2419 1320 2484 domum

281 2541 371 2586 suam
399 2521 472 2587 fnit:
506 2522 594 2586 haud
621 2521 720 2587 multo
747 2528 819 2605 post
844 2521 967 2604 flagitia
994 2522 1102 2587 uxone
1129 2542 1260 2587 noscere
1282 2542 1320 2587 ae

280 2625 393 2709 punire
415 2625 558 2706 adactus,
582 2630 617 2688 ut
633 2623 750 2689 deinde
772 2625 951 2690 ardesceret
972 2625 1007 2690 in
1022 2625 1149 2709 nuptias
1171 2625 1319 2692 incestas.

115 2744 264 2800 aestues
385 2728 437 2794 26.
483 2727 552 2791 Iam
582 2728 754 2794 Messalina
782 2728 935 2794 facilitate
966 2729 1193 2794 adulteriorum
1219 2729 1253 2794 in
1275 2730 1321 2794 fa-

108 2815 264 2930 ”fflgw
282 2832 410 2898 stidium
438 2850 533 2896 versa
564 2832 606 2896 ad
636 2831 817 2914 incognitas
848 2832 997 2898 libidines
1026 2831 1216 2917 profluebat,
1248 2853 1320 2898 cum

281 2936 427 3020 abrumpi
457 2934 740 3017 dissimulationem
771 2936 868 3000 etiam
895 2935 1000 3019 Silius,
1032 2937 1099 3001 sive
1128 2936 1219 3001 fatali
1245 2957 1321 3001 vae-

280 3038 397 3121 cordia,
425 3059 468 3103 an
489 3038 722 3104 imminentium
745 3039 955 3123 periculorum
976 3040 1151 3105 remedium
1176 3040 1247 3121 ipsa
1269 3059 1321 3122 pe-

280 3144 379 3208 ricula
404 3148 502 3226 ratus,
533 3143 702 3225 urguebat:
738 3142 855 3227 qnippe
883 3163 946 3208 non
975 3162 1013 3208 eo
1040 3149 1181 3226 ventum,
1213 3149 1248 3207 ut
1275 3162 1320 3207 se-

280 3254 406 3311 nectam
425 3245 575 3329 prinoipis
590 3246 818 3330 opperirentur.
841 3245 1018 3311 insontibus
1033 3247 1164 3311 innoxia
1178 3247 1319 3328 consilia,

279 3350 408 3434 flagitiis
430 3348 608 3416 manifestis
631 3350 807 3415 subsidium
830 3350 871 3415 ab
894 3349 1030 3414 audacia
1051 3350 1234 3434 petendum.
1266 3350 1320 3414 ad-

280 3475 351 3520 esse
384 3454 526 3518 conscios
563 3453 653 3537 paria
686 3460 876 3518 metuentes,
922 3473 957 3518 se
990 3453 1157 3537 caelibem,
1196 3454 1318 3536 orbum,

280 3557 398 3642 nuptiis
433 3564 464 3621 et
497 3556 680 3641 adoptando
714 3557 897 3622 Britannico
934 3565 1091 3641 paratum.
1136 3577 1319 3623 mansuram

280 3661 414 3727 eandem
430 3660 619 3726 Messalinae
640 3662 825 3744 potentiam,
848 3660 959 3725 addita
982 3661 1159 3744 securitate,
1183 3662 1210 3725 si
1231 3681 1320 3745 prae-

280 3767 426 3831 venirent
455 3763 631 3846 Claudium,
663 3771 698 3829 nt
726 3764 852 3829 insidiis
882 3765 1054 3847 incautum,
1084 3764 1129 3829 ita
1158 3765 1226 3830 irae
1251 3784 1321 3848 pro

280 3889 401 3955 perum.
441 3867 579 3949 segniter
601 3887 659 3932 eae
681 3887 777 3932 voces
799 3873 960 3951 acceptae,
983 3888 1048 3932 non
1070 3886 1177 3932 amore
1199 3869 1233 3932 in
1256 3888 1320 3932 ma-
