2984 4275
402 268 407 277 ι
485 184 664 240 aucas.
689 182 847 251 pensas.
1027 144 1032 155 ’
1123 167 1184 230 141

147 356 243 422 nibus
265 355 436 421 simularet.
474 363 632 441 postremo
654 356 839 421 vulneribus
865 356 1041 440 ligamenta
1063 357 1189 439 quibus-

148 481 209 543 que
232 460 353 526 sistitur
367 460 498 543 sanguis
520 479 632 545 parare
648 459 785 525 cundem
807 460 970 524 Milichum
985 466 1101 543 monet,
1121 461 1189 525 sive

24 608 26 641 r
149 585 284 649 gnarum
307 564 530 631 coniurationis
553 573 585 630 et
610 565 686 629 illuc
708 584 808 645 usque
830 564 938 649 fidum,
970 584 1025 629 seu
1048 565 1189 630 nescium

24 652 25 685 ³
149 677 181 734 et
203 676 280 735 tunc
307 670 443 753 primum
466 669 606 753 adreptis
633 669 873 753 suspicionibus,
904 675 939 733 ut
962 668 1108 753 plerique,
1129 676 1188 733 tra-

150 773 267 839 didere.
295 773 348 840 de
371 773 635 854 consequentibus
658 774 867 838 consentitur:
890 794 966 838 nam
988 793 1060 838 cum
1082 792 1188 838 secum

150 878 273 944 servilis
294 879 419 943 animus
441 877 582 962 praemia
613 877 765 962 perfidiae
786 877 945 962 reputavit
968 878 1124 959 simulque
1143 877 1188 941 in·

149 1001 260 1047 mensa
287 981 421 1065 pecunia
448 988 480 1046 et
506 982 649 1065 potentia
675 981 935 1066 obversabantur,
967 982 1059 1047 cessit
1086 981 1136 1047 fas
1157 988 1189 1046 et

149 1087 234 1151 salus
267 1087 393 1169 patroni
426 1091 457 1150 et
491 1091 644 1170 acceptae
676 1085 832 1151 libertatis
865 1087 1025 1152 memoria.
1071 1086 1189 1151 etenim

149 1191 256 1255 uxoris
280 1209 404 1272 quoque
428 1190 592 1256 consilium
615 1190 845 1275 adsumpserat,
869 1190 1022 1257 muliebre
1044 1211 1082 1256 ac
1105 1190 1189 1256 dete·

148 1296 229 1359 rius:
253 1294 371 1378 quippe
391 1295 472 1360 ultro
488 1300 609 1360 metum
623 1295 814 1378 intentabat,
839 1296 1016 1377 multosque
1031 1295 1190 1360 adstitisse

148 1398 281 1464 libertos
304 1418 343 1462 ac
364 1418 481 1482 servos,
505 1399 559 1482 qui
582 1399 695 1464 eadem
711 1398 866 1483 viderint,
890 1400 969 1465 nihil
991 1400 1189 1485 profuturum

148 1504 242 1568 unius
265 1502 433 1588 silentium,
456 1511 491 1568 at
505 1503 648 1587 praemia
669 1523 768 1587 penes
783 1523 884 1568 unum
905 1504 982 1589 fore,
1006 1505 1060 1587 qui
1074 1503 1190 1568 indicio

148 1608 373 1692 praevenisset.

254 1710 306 1776 55.
331 1711 431 1793 Igitur
446 1717 558 1795 coepta
580 1711 652 1775 luce
667 1711 814 1776 Milichus
829 1711 862 1777 in
878 1711 984 1777 hortos
999 1710 1190 1776 Servilianos

150 1815 272 1899 pergis,
304 1821 336 1879 ct
358 1834 430 1879 cum
456 1815 576 1880 foribus
598 1823 768 1900 arceretur,
801 1836 920 1899 magna
941 1823 973 1880 et
995 1816 1114 1881 atrocia
1136 1814 1189 1881 ad-

150 1919 234 1984 ferre
261 1918 411 1984 dictitans
440 1918 658 2001 deductusque
688 1920 730 1984 ab
757 1919 943 1986 ianitoribus
972 1919 1014 1983 ad
1043 1920 1189 1985 libertum

149 2023 286 2087 Neronis
301 2022 562 2106 Epaphroditum,
586 2043 662 2087 mox
684 2025 725 2089 ab
750 2043 788 2088 eo
803 2023 845 2088 ad
859 2024 1029 2106 Neronem,
1052 2043 1190 2106 urguens

150 2126 335 2211 periculum,
367 2148 480 2211 graves
507 2127 686 2194 coniuratos
715 2134 748 2193 et
771 2134 884 2212 cetera,
916 2148 998 2210 quae
1025 2127 1191 2193 audiverat

153 2231 396 2314 coniectaverat,
427 2232 535 2297 docet:
558 2234 656 2298 telum
679 2252 805 2315 quoque
826 2233 860 2296 in
878 2252 991 2297 necem
1014 2231 1081 2297 eius
1103 2251 1191 2316 para·

154 2342 222 2400 tum
245 2336 384 2401 ostendit
405 2336 565 2418 accirique
587 2357 676 2402 reum
698 2337 796 2402 iussit.
820 2336 847 2400 is
868 2342 977 2421 raptus
999 2355 1056 2419 per
1078 2336 1191 2400 mihtes

154 2447 184 2504 et
206 2439 424 2506 defensionem
447 2459 545 2524 orsus,
568 2440 695 2525 ferrum,
724 2440 813 2506 ouius
834 2446 1027 2523 argueretur,
1051 2440 1124 2505 olim
1146 2459 1190 2505 re·

152 2544 272 2627 ligione
294 2545 398 2627 patria
420 2546 539 2610 cultum
567 2551 599 2609 et
620 2546 653 2608 in
676 2546 821 2610 cubiculo
847 2544 990 2610 habitum
1017 2564 1056 2610 ac
1078 2543 1191 2609 fraude

153 2649 257 2715 liberti
285 2649 470 2733 subreptum
497 2648 667 2734 respondit,
699 2649 826 2714 tabulas
854 2650 1036 2714 testamenti
1065 2649 1191 2733 saepius

153 2773 173 2817 a
188 2772 223 2818 se
239 2760 272 2818 et
286 2752 478 2817 incustodita
493 2753 614 2818 dierum
629 2753 848 2818 observatione
866 2754 1017 2836 signatas.
1042 2752 1192 2837 pecunias

154 2863 185 2921 et
211 2858 376 2923 libertates
405 2858 505 2923 servis
532 2864 565 2923 et
589 2864 665 2922 ante
692 2858 774 2923 dono
801 2857 902 2941 datas,
935 2857 991 2922 sed
1017 2857 1090 2922 ideo
1116 2865 1192 2923 tunc

153 2962 282 3046 largius,
312 2962 387 3044 quia
408 2963 495 3027 tenui
517 2963 581 3027 iam
603 2982 638 3027 re
659 2961 808 3027 famihari
829 2968 862 3026 et
883 2962 1073 3026 instantibus
1096 2961 1192 3027 credi-

152 3065 275 3132 toribus
297 3072 488 3132 testamento
511 3065 678 3131 diffideret.
717 3066 879 3142 enimvero
901 3064 1046 3131 liberales
1069 3083 1193 3150 semper

155 3171 264 3254 epulas
279 3171 440 3254 struxisse,
464 3170 562 3234 vitam
577 3189 745 3235 amoenam
761 3176 793 3235 et
808 3169 894 3234 duris
909 3169 1066 3235 iudicibus
1080 3190 1193 3253 parum

153 3275 330 3358 probatam.
364 3274 505 3340 fomenta
527 3272 711 3339 vulneribus
733 3274 820 3338 nulla
841 3274 929 3338 iussu
950 3294 1015 3359 suo,
1039 3273 1094 3339 sed
1118 3274 1192 3355 quia

155 3385 259 3444 cetera
281 3381 388 3463 palam
403 3399 487 3443 vana
509 3377 682 3460 obiecisset,
706 3378 881 3460 adiungere
902 3379 1030 3461 crimen,
1055 3378 1143 3442 ouius
1158 3397 1192 3442 se

31 3467 34 3486 '
154 3485 271 3566 pariter
281 3482 419 3548 indicem
435 3490 466 3548 ct
478 3489 591 3548 testem
606 3482 734 3548 faceret.
751 3483 848 3547 adicit
863 3483 955 3549 dictis
966 3481 1190 3565 constantiam,

154 3588 278 3653 incusat
299 3588 381 3652 ultro
410 3588 626 3654 intestabilem
652 3594 688 3651 et·
706 3587 965 3667 consceleratum,
995 3590 1085 3649 tanta
1106 3584 1192 3650 vocis

32 3749 33 3756 ,
155 3711 193 3756 ao
214 3691 323 3757 vultus
345 3690 523 3776 securitate,
550 3698 586 3755 ut
612 3691 737 3756 labaret
759 3689 920 3774 indicium,
948 3689 1009 3756 nisi
1030 3687 1191 3753 Milichum

155 3814 234 3860 uxor
249 3794 464 3860 admonuisset
478 3795 649 3860 Antonium
665 3795 814 3862 Natalem
835 3794 935 3859 multa
950 3813 1023 3858 cum
1038 3792 1192 3857 Scaevino

157 3919 194 3964 ao
208 3906 331 3965 secreta
355 3900 554 3964 conlocutum
570 3904 602 3963 et
617 3918 687 3963 esse
702 3904 850 3978 utrosque
865 3895 899 3961 O.
912 3897 1035 3962 Pisonis
1055 3895 1191 3960 intimos.

1241 1723 1331 1774 tritotm

1234 1792 1334 1846 barsina

1229 1859 1340 1907 eriniaco

1241 1932 1328 1983 taceret

1234 2007 1336 2060 minuet,
