2984 4275
307 154 369 219 116
555 170 604 226 Ab
624 186 740 226 excessu
759 171 793 225 D.
807 170 935 241 Augusti
953 171 1008 227 XV
1026 174 1102 227 3-7.

163 363 258 408 cortun
411 344 440 409 3.
476 343 566 422 Quae
588 345 641 411 ubi
665 345 834 412 Corbuloni
862 345 955 411 certis
982 346 1101 411 nuntiis
1127 345 1238 411 audita
1261 354 1347 426 sunt,

131 432 289 557 '‘¹³¹“{JJJW
306 447 448 530 legiones
482 450 561 514 duas
594 469 666 515 oum
693 450 851 515 Verulano
881 449 998 515 Severo
1029 456 1061 515 et
1089 450 1195 514 Vettio
1225 451 1349 515 Bolano

159 572 265 626 11111
307 552 482 619 subsidium
503 554 634 636 Tigrani
656 554 760 637 mittit,
788 555 909 619 occulto
937 559 1115 638 praecepto,
1144 554 1349 637 compositius

148 641 276 765 133ῇὲξὲ
308 663 421 723 cuneta
436 676 532 739 quam
554 657 754 723 festinantius
776 666 923 740 agerent:
947 658 1063 741 quippe
1085 658 1205 722 bellum
1227 657 1349 723 hahere

166 781 256 835 esua.
307 781 402 843 quam
424 781 534 845 gerere
557 761 705 827 malebat.
729 762 958 847 scripseratque
973 761 1100 828 Cassan
1122 762 1246 846 proprio
1266 761 1347 828 duce

306 885 385 949 opus
407 886 484 951 esse,
513 866 566 949 qui
588 866 772 931 Armeniam
800 865 1001 933 defenderet:
1029 866 1153 932 Suriam
1179 866 1348 949 ingruente

306 969 460 1053 Vologese
483 971 601 1036 acriore
624 971 656 1034 in
679 970 861 1035 discrimine
889 990 969 1035 esse.
1007 977 1103 1052 atque
1129 970 1256 1034 interim
1278 971 1349 1036 reli·

306 1092 385 1155 quas
414 1075 553 1157 legiones
583 1095 639 1158 pro
672 1075 742 1158 ripa
775 1073 947 1158 Euphratis
980 1075 1073 1158 locat,
1107 1074 1346 1139 tumultuariam

305 1177 545 1262 provincialium
560 1199 690 1243 manum
708 1185 821 1262 armat,
845 1178 976 1244 hostiles
997 1178 1157 1261 ingressus
1180 1179 1348 1262 praesidiis

305 1281 472 1366 intercipit.
497 1288 529 1347 et
544 1283 619 1363 quia
642 1301 745 1365 egena
761 1302 914 1364 aquarum
936 1283 1023 1364 regio
1045 1288 1101 1366 est,
1126 1283 1257 1347 castella
1279 1283 1348 1348 fon·

305 1385 389 1451 tibus
410 1385 559 1469 inposita;
589 1385 742 1467 quosdam
764 1386 848 1450 rivos
871 1392 1022 1469 congestu
1048 1384 1187 1450 harenae
1209 1386 1346 1452 abdidit.

141 1509 279 1562 suessano
410 1489 441 1554 4.
476 1490 524 1554 Ea
547 1489 622 1554 dum
644 1511 664 1554 a
686 1489 863 1556 Corbulone
886 1490 1023 1555 tuendae
1045 1488 1155 1554 Suriae
1183 1497 1347 1576 parantur,

158 1578 276 1693 3⁰53,
306 1600 378 1658 aeto
403 1594 520 1678 raptim
546 1594 674 1676 agmine
702 1594 878 1677 Monaeses,
909 1601 943 1658 ut
969 1593 1089 1658 famam
1119 1594 1168 1659 sui
1199 1595 1347 1678 praeiret,

145 1657 157 1701 ⁰
305 1717 370 1762 nou
396 1697 468 1762 ideo
490 1699 632 1763 nescium
658 1704 714 1763 aut
740 1698 903 1762 incautum
924 1697 1085 1779 Tigranen
1112 1697 1254 1763 offendit.
1293 1718 1343 1763 oc·

305 1808 477 1886 cupaverat
505 1802 774 1886 Tigranocertam,
809 1802 921 1867 urbem
954 1801 1044 1885 eopia
1077 1800 1281 1868 defensorum
1313 1809 1346 1867 et

305 1905 522 1989 magnitudine
538 1906 696 1970 moenium
713 1905 861 1971 validam.
885 1905 928 1969 ad
943 1905 1003 1970 hoc
1017 1905 1227 1990 Nicephorius
1243 1907 1347 1970 amnis

303 2009 390 2077 haud
419 2010 598 2093 spernenda
627 2009 794 2075 latitudine
823 2016 947 2094 partem
977 2029 1136 2074 murorum
1165 2010 1279 2091 ambit,
1314 2017 1348 2075 et

304 2113 399 2180 ducta
426 2115 539 2198 ingens
566 2114 660 2197 fossa,
691 2133 755 2197 qua
781 2113 876 2180 fluvio
906 2113 1118 2180 diffidebatur.
1138 2114 1345 2196 inerantque

305 2219 420 2284 milites
435 2224 467 2283 11
482 2220 599 2303 provisi
621 2224 694 2284 ante
710 2224 913 2299 commeatus,
938 2237 1070 2299 quorum
1084 2219 1238 2284 subvectu
1253 2221 1347 2303 pauci

304 2321 429 2389 avidius
455 2324 612 2406 progressi
639 2328 670 2387 et
696 2321 870 2406 repentinis
896 2321 1039 2386 hostibus
1066 2322 1270 2387 circumventi
1297 2323 1346 2388 ira

306 2427 406 2508 magis
433 2445 528 2506 quam
556 2432 642 2492 metu
669 2431 789 2491 ceteros
816 2424 1037 2491 accenderant.
1076 2425 1133 2490 sed
1164 2425 1280 2491 Partho
1303 2426 1348 2490 ad

305 2530 523 2610 exsequendas
553 2530 732 2596 obsidiones
762 2530 850 2595 nulla
879 2530 1054 2594 comminus
1083 2529 1236 2596 audacia:
1267 2532 1348 2595 raris

304 2633 427 2716 sagittis
450 2653 553 2715 neque
575 2635 698 2699 clausos
721 2639 859 2698 exterret
882 2640 913 2698 et
929 2639 1030 2698 semet
1052 2633 1228 2698 frustratur.
1253 2634 1347 2699 Adia-

303 2737 379 2803 beni
401 2758 473 2803 oum
495 2758 681 2823 promovere
703 2738 805 2803 scalas
828 2744 860 2802 et
879 2737 1135 2802 machinamenta
1156 2738 1346 2822 inciperent,

303 2841 397 2907 facile
420 2842 548 2926 detrusi,
572 2862 646 2908 mox
669 2842 910 2926 erumpentibus
932 2842 1046 2906 nostris
1069 2840 1254 2907 caeduntur.

164 2962 259 3006 aarum
412 2945 442 3011 5.
478 2946 612 3012 Corbulo
641 2953 759 3027 tamen,
795 2946 940 3027 quamvis
970 2945 1117 3011 secundis
1146 2945 1242 3011 rebus
1272 2947 1347 3028 suis,

156 3031 269 3153 ”w‘
309 3049 539 3116 moderandum
561 3050 705 3116 fortunae
728 3056 813 3118 ratus
836 3050 921 3114 misit
941 3049 983 3114 ad
1006 3049 1192 3134 Vologesen,
1217 3050 1272 3131 qui
1295 3070 1348 3115 11-

135 3169 292 3223 11ιῦ11111
310 3156 506 3239 postularent
528 3155 592 3219 vim
618 3155 800 3239 provinciae
827 3154 972 3220 inlatam:
1000 3154 1119 3219 socium
1145 3153 1347 3235 amicumque

135 3248 163 3284 ‘¹¹¹
177 3239 292 3352 ”ww
309 3278 426 3343 regem,
454 3258 598 3323 cohortes
620 3259 782 3323 Romanas
805 3257 1025 3322 circumsideri.
1063 3258 1221 3322 omitteret
1244 3259 1348 3342 potius

149 3377 278 3431 1111111111
309 3363 514 3447 obsidionem,
542 3369 598 3427 aut
619 3382 653 3427 se
677 3382 802 3445 quoque
823 3363 857 3427 in
879 3382 957 3444 agro
978 3360 1083 3426 hostili
1105 3368 1209 3426 castra
1231 3363 1347 3447 positu·

140 3446 286 3569 „mz‘ffm
309 3489 386 3533 mm.
411 3467 578 3551 Casperius
592 3468 733 3531 centurio
747 3468 782 3531 in
797 3486 868 3530 eam
889 3465 1081 3548 legationem
1104 3465 1245 3531 delectus
1260 3466 1347 3551 apud

309 3570 460 3656 oppidum
481 3571 617 3653 Nisibin,
645 3577 768 3654 septem
795 3577 827 3634 et
848 3569 978 3652 triginta
1002 3569 1127 3635 milibus
1153 3590 1305 3654 passuum
1327 3592 1347 3634 a

308 3675 535 3758 Tigranocerta
557 3673 736 3759 distantem,
761 3673 840 3739 adiit
855 3693 963 3756 regern
978 3680 1010 3738 et
1025 3673 1178 3738 mandata
1200 3674 1348 3739 ferociter

308 3777 416 3842 edidit.
446 3778 594 3859 Vologesi
617 3785 708 3843 11111
732 3784 763 3842 11
785 3779 908 3861 penitus
929 3777 1064 3842 infixum
1086 3784 1154 3842 erat
1177 3797 1268 3843 arma
1289 3779 1346 3843 Ro-

310 3902 405 3945 mana
427 3880 558 3961 vitandi,
582 3901 641 3946 neo
665 3882 844 3965 praesentia
866 3901 1014 3966 prospere
1035 3880 1187 3947 fluebant.
1218 3883 1346 3947 11111111
