2984 4275
490 191 515 230 a.
527 176 561 232 U.
574 193 597 230 o.
610 180 670 234 815.
694 193 721 246 p.
734 175 797 231 Chr.
809 179 852 232 62.
1129 160 1192 224 119

260 348 310 414 10.
334 349 462 414 Accitur
483 349 566 434 legio
586 349 786 433 duodecima,
811 355 843 415 et
857 350 943 415 unde
965 350 1085 415 lamam
1106 351 1192 415 auoti
1253 367 1325 422 arur

151 454 309 520 exereitus
331 460 523 539 speraverat,
546 454 672 539 prodita
685 454 910 537 infrequentia,
934 476 997 537 qua
1016 462 1124 520 tamen
1145 475 1191 521 re·
1226 437 1349 560 wlff

151 559 245 623 tineri
259 564 364 624 eastra
379 564 412 622 et
427 558 513 624 eludi
527 558 662 624 Parthus
677 564 782 623 traetu
800 559 877 624 belli
895 565 1028 643 poterat,
1053 559 1080 625 si
1095 561 1191 625 Paeto
1219 578 1357 699 '‘twa''

151 668 208 728 aut
229 663 263 726 ir'r
285 662 349 728 suis
371 668 427 727 aut
449 662 482 726 in
505 663 618 728 alienis
641 663 779 727 consiliis
794 664 975 728 constantia
997 663 1118 728 fuisset.
1142 683 1192 728 ve·
1210 716 1234 761 ,u
1248 713 1366 770 ,mut

152 787 224 831 rum
246 766 300 832 ubi
321 787 342 831 a
363 767 438 831 viris
466 767 652 832 militaribus
678 767 831 832 adversus
861 773 1009 849 urgentes
1032 787 1123 832 casus
1144 766 1193 831 fir·

152 878 258 936 matus
280 877 357 955 erat,
388 890 502 954 rursus,
530 891 572 936 ne
594 871 719 936 alienae
740 871 918 937 sententiae
939 870 1087 955 indigens
1109 871 1194 936 vide-

151 980 248 1056 retur,
277 975 311 1039 in
334 973 460 1040 diversa
481 994 519 1041 ae
541 975 699 1041 deteriora
719 975 885 1041 transibat.
924 982 956 1040 et
978 981 1054 1040 tune
1075 974 1194 1041 relictis

153 1078 305 1161 hibernis,
334 1098 398 1142 non
421 1078 540 1143 fossam
564 1098 668 1160 neque
690 1080 810 1144 vallum
832 1080 901 1164 sibi,
929 1080 987 1144 sed
1009 1098 1140 1163 eorpora
1162 1084 1194 1143 et

151 1202 243 1247 anna
270 1181 304 1246 in
334 1181 459 1247 hostem
489 1181 565 1247 data
596 1182 774 1267 clamitans,
809 1182 899 1249 duxit
932 1183 1072 1265 legiones
1103 1182 1194 1263 quasi

151 1286 271 1370 proelio
301 1292 481 1351 certaturos.
520 1286 637 1351 deinde
667 1288 784 1352 amisso
814 1287 996 1352 eenturione
1026 1292 1058 1351 et
1084 1286 1194 1371 paueis

151 1385 316 1474 militibus,
344 1410 422 1472 quos
445 1390 586 1456 visendis
609 1390 745 1455 hostium
768 1391 866 1475 eopiis
893 1392 1107 1476 praemiserat,
1135 1397 1194 1455 tre·

152 1494 245 1579 pidus
266 1495 428 1559 remeavit.
467 1501 499 1560 et
521 1496 596 1576 quia
617 1481 724 1560 minus
745 1496 861 1559 aeriter
882 1495 1055 1577 Vologeses
1075 1495 1194 1559 instite-

151 1606 210 1682 rat,
233 1618 320 1663 vana
342 1619 448 1664 rursus
466 1598 584 1664 fiducia
598 1599 660 1664 tria
674 1599 761 1664 milia
776 1598 892 1664 deleeti
913 1599 1030 1683 peditis
1051 1600 1194 1684 proximo

151 1703 249 1768 Tauri
268 1704 343 1786 iugo
365 1703 512 1787 inposuit,
537 1722 599 1785 quo
619 1703 788 1767 transitum
806 1704 890 1786 regis
911 1710 1067 1787 arcerent,
1091 1703 1194 1768 alares

152 1826 278 1889 quoque
291 1807 482 1891 Pannonios,
505 1807 602 1873 robur
623 1806 792 1889 equitatus,
814 1807 848 1871 in
870 1815 959 1892 parte
974 1808 1078 1892 eampi
1100 1809 1191 1873 loeat

152 1912 291 1976 ooniunx
313 1930 352 1976 ae
373 1911 456 1977 filius
476 1912 614 1996 eastello,
638 1914 689 1977 eui
704 1913 909 1978 Arsamosata
927 1932 1044 1977 nornen
1060 1918 1116 1996 est,
1139 1912 1194 1977 ab·

152 2015 218 2098 diti,
247 2015 323 2081 data
348 2017 382 2081 in
404 2016 595 2100 praesidium
620 2016 746 2082 eohorte
774 2036 812 2081 ao
834 2016 976 2101 disperso
1003 2017 1111 2099 milite,
1139 2017 1194 2097 qui

151 2120 185 2185 in
207 2141 272 2187 uno
294 2120 424 2187 habitus
445 2142 566 2205 vagum
591 2120 716 2188 hostem
743 2121 918 2207 promptius
940 2121 1191 2188 sustentavisset.

153 2245 249 2309 aegre
265 2227 460 2311 compulsum
476 2226 589 2309 ferunt,
606 2233 642 2291 ut
656 2227 830 2292 instantem
845 2225 1016 2291 Corbuloni
1029 2225 1191 2291 fateretur.

153 2350 213 2395 nee
239 2349 260 2393 a
282 2329 459 2396 Corbulone
485 2339 698 2415 properatum,
726 2350 789 2412 quo
815 2329 1022 2413 gliscentibus
1048 2328 1193 2413 perieulis

153 2434 250 2498 etiam
270 2432 402 2499 subsidii
423 2435 493 2499 laus
508 2441 684 2517 augeretur.
709 2433 853 2518 expediri
874 2440 982 2498 tamen
1003 2432 1109 2498 itineri
1131 2432 1192 2497 sin·

151 2537 227 2620 gula
258 2537 344 2602 milia
372 2557 413 2602 ex
441 2539 541 2604 tribus
570 2538 748 2621 legionibus
778 2547 810 2602 et
840 2537 955 2602 alarios
985 2536 1192 2619 octingentos,

152 2660 263 2725 parem
284 2661 451 2706 numerum
473 2661 490 2706 e
513 2642 694 2708 cohortibus
715 2641 815 2707 iussit.

259 2745 308 2809 11.
332 2745 376 2810 At
390 2746 572 2829 Vologeses,
595 2747 741 2828 quamvis
764 2747 894 2811 obsessa
915 2767 935 2810 a
958 2747 1056 2810 Paeto
1078 2745 1191 2810 itinera
1208 2758 1252 2803 aar
1267 2758 1321 2804 aur
1340 2759 1365 2803 ru

151 2848 226 2914 hino
248 2848 392 2933 peditatu
406 2850 481 2915 inde
497 2851 601 2931 equite
616 2851 798 2934 aeeepisset,
821 2849 901 2915 nihil
916 2856 1036 2915 mutato
1051 2849 1190 2931 oonsilio,
1207 2827 1366 2950 '‘ffiw'*

152 2953 209 3018 sed
231 2954 265 3017 vi
286 2973 325 3018 ae
346 2954 441 3018 minis
463 2954 567 3018 alares
589 2954 751 3036 exterruit,
774 2953 963 3036 legionarios
985 2953 1114 3019 obtrivit
1128 2972 1191 3018 uno

152 3062 276 3121 tantum
309 3057 490 3124 eenturione
518 3057 680 3138 Tarquitio
709 3057 877 3122 Creseente
909 3057 1029 3142 turrim,
1063 3057 1096 3121 in
1130 3076 1193 3139 qua

152 3160 344 3245 praesidium
378 3161 533 3246 agitabat,
571 3160 742 3225 defendere
774 3180 853 3226 auso
886 3160 1034 3242 laetaque
1068 3161 1193 3244 saepius

152 3264 315 3349 eruptione
345 3270 378 3330 et
407 3266 518 3346 eaesis,
547 3266 602 3346 qui
631 3263 837 3330 barbarorum
859 3265 986 3349 propius
1012 3263 1192 3348 suggredie·

151 3368 278 3452 bantur,
302 3368 403 3434 donee
424 3369 546 3451 ignium
568 3369 654 3433 iaetu
676 3368 961 3434 circumveniretur.
1001 3367 1144 3452 peditum
1166 3369 1193 3440 si

152 3472 224 3554 quis
237 3473 371 3555 integer,
387 3472 561 3556 longinqua
578 3480 609 3537 et
624 3473 706 3557 avia,
719 3472 877 3538 vulnerati
893 3478 996 3538 eastra
1007 3472 1190 3556 repetivere,

151 3577 299 3641 virtutem
320 3576 413 3660 regis,
437 3576 604 3641 saevitiam
619 3582 652 3642 et
667 3577 775 3660 copias
797 3577 948 3660 gentium,
972 3584 1086 3640 cuneta
1105 3581 1192 3639 metu

153 3680 349 3762 extollentes,
372 3679 458 3744 faoili
474 3680 660 3745 credulitate
675 3699 792 3764 eorum,
816 3681 870 3762 qui
885 3678 998 3744 eadem
1021 3677 1190 3763 pavebant.

153 3802 192 3847 ne
208 3783 273 3847 dux
289 3782 418 3864 quidem
433 3783 533 3849 obniti
555 3782 706 3866 adversis,
729 3782 787 3849 sed
809 3789 922 3849 euneta
938 3781 1070 3846 militiae
1085 3782 1192 3846 munia

153 3886 344 3971 deseruerat,
367 3887 471 3952 missis
485 3888 599 3953 iterum
613 3886 657 3952 ad
671 3887 882 3952 Corbulonem
897 3885 1054 3971 preoibus,
1071 3885 1193 3951 veniret
