2984 4275
530 1131 699 1214 LIBER
729 1133 786 1214 XI.

247 1323 274 1387 1.
354 1343 429 1387 nam
441 1323 602 1387 Valerium
617 1322 801 1407 Asiaticum,
825 1323 875 1388 bis
892 1323 1065 1405 consulem,
1080 1322 1178 1388 fuisse
1222 1341 1327 1386 cuorus

138 1426 301 1508 quondam
328 1426 507 1491 adulterum
534 1427 603 1493 cius
630 1426 777 1511 credidit3
804 1427 986 1511 pariterque
1013 1426 1112 1492 hortis
1133 1426 1178 1491 in·
1222 1410 1329 1525 “wli

138 1529 242 1612 hians,
275 1549 354 1611 quos
376 1530 430 1594 ille
453 1550 473 1593 a
496 1529 635 1595 Lucano
649 1536 777 1615 coeptos
799 1530 917 1614 insigni
940 1530 1177 1614 magnificentia
1196 1549 1353 1602 arnostum

139 1633 321 1715 extollebat,
345 1634 491 1699 Suillium
514 1633 760 1700 accusandist
724 1641 760 1698 ut
761 1636 866 1716 risque
887 1636 1030 1699 ιιιιιιιιιιι
992 1635 1177 1699 trtadiun-
1195 1619 1353 1741 ‘ww‘

138 1738 223 1821 gitur
237 1737 378 1803 Sosibius
392 1738 460 1802 Brit
447 1737 569 1803 tannici
590 1739 705 1804 educat
692 1746 751 1820 tor,
775 1739 829 1821 qui
852 1758 909 1823 per
923 1741 1060 1823 speeiem
1082 1740 1177 1804 bene
1220 1758 1264 1802 aa
1278 1758 1324 1810 oo

138 1842 299 1907 volentiae
322 1850 463 1907 moneret
450 1842 646 1907 tOlaudium
669 1862 782 1907 cavere
797 1844 863 1906 vim
885 1848 980 1924 atque
995 1863 1073 1928 opes
1094 1844 1178 1927 prin·

138 1945 262 2030 cipibus
284 1944 439 2011 infensas:
462 1946 668 2030 praecipuum
691 1953 853 2012 auctorem
882 1945 982 2012 Asiat
961 1954 1058 2011 trcum
1081 1948 1129 2012 int
1131 1968 1178 2012 cr-

136 2049 262 2114 ficiondi
285 2048 346 2113 Gai
368 2049 513 2114 Caesaris
540 2069 604 2113 non
632 2050 815 2114 extimuisse
845 2049 991 2114 contione
1013 2050 1047 2113 in
1070 2050 1178 2135 populi

1208 1835 1342 1878 ammittat.

135 2154 272 2218 Romani
294 2153 388 2218 fateri
410 2154 607 2236 gloriamque
630 2153 778 2219 facinoris
800 2154 882 2218 ultro
905 2160 1028 2237 petere3
1057 2155 1176 2218 clarum

135 2276 176 2321 ex
199 2276 237 2321 eo
263 2257 298 2319 in
329 2257 418 2339 urbe,
446 2256 549 2325 didita
574 2276 633 2340 per
654 2257 834 2341 provincias
862 2257 949 2320 fama
976 2277 1090 2341 parare
1118 2257 1177 2323 iter

50 2356 53 2373 ¹
136 2360 177 2424 ad
194 2361 401 2426 Garmanicos
423 2362 591 2442 exercitus,
615 2360 742 2442 quando
757 2361 884 2444 genitus
896 2361 1041 2426 Viennae
1056 2360 1177 2425 multis·

136 2483 198 2545 quc
221 2470 253 2528 et
268 2464 383 2529 validis
405 2464 692 2549 propinquitatibus
712 2464 867 2530 subnixus
889 2466 1018 2530 turbare
1041 2465 1176 2547 gentiles

135 2568 280 2633 nationes
301 2574 483 2651 promptum
504 2567 648 2632 haberet.
671 2574 705 2631 at
720 2567 870 2632 Claudius
885 2567 965 2632 nihil
989 2568 1072 2632 ultra
1094 2587 1176 2632 scru-

135 2677 220 2735 tatus
254 2670 324 2736 citis
358 2691 429 2747 cum
463 2671 615 2736 militibus
647 2677 811 2752 tamquam
848 2671 1055 2755 opprimendo
1093 2671 1177 2736 bello

53 2794 57 2805 ·
135 2774 314 2858 Crispinum
336 2775 485 2858 praetorii
507 2774 702 2858 praefectum
725 2775 819 2857 misit,
843 2793 940 2855 aquo
963 2781 1107 2859 repertus
1127 2781 1176 2841 est

135 2878 221 2963 apud
242 2879 338 2942 Baias
360 2878 536 2959 vinclisque
558 2878 667 2944 inditis
690 2880 723 2943 in
746 2880 858 2944 urbem
881 2885 999 2963 raptus.

240 2983 270 3047 2.
308 2984 423 3064 Neque
461 2982 536 3047 data
574 2982 705 3048 senatus
738 2984 843 3068 copia:
881 2984 966 3048 intra
998 2983 1176 3049 cubiculum
1207 2999 1338 3043 scaccos

57 3144 60 3157 ,
136 3085 272 3169 auditur,
303 3086 474 3151 Messalina
499 3107 615 3171 coram,
646 3093 677 3152 et
704 3087 815 3153 Suillio
842 3088 1075 3171 corruptionem
1098 3087 1176 3151 mili-
1206 3068 1339 3189 ἑζίξξῇζξξδ

57 3196 61 3255 ζ
135 3196 212 3271 tum,
237 3208 315 3270 quos
336 3191 474 3274 pecunia
496 3197 528 3255 et
543 3198 651 3274 stupro
666 3191 700 3255 in
716 3210 810 3255 omne
832 3189 987 3273 flagitium
1010 3190 1176 3256 obstrictos
1222 3207 1258 3251 tn
1271 3206 1322 3250 mre

135 3295 299 3377 arguebat,
331 3294 406 3358 exin
428 3294 618 3359 adulterium
645 3296 823 3379 Poppaeae,
853 3303 1049 3378 postremum
1078 3295 1175 3361 molli·
1203 3276 1341 3396 “ffifi‘n

42 3401 62 3491 Ἰ
134 3396 213 3462 tiam
235 3398 372 3482 corporis
395 3397 582 3464 oblectante.
607 3398 647 3462 ad
672 3398 758 3479 quod
779 3399 865 3464 victo
887 3399 1012 3464 silentio
1034 3399 1177 3483 prorupit

134 3518 207 3565 reus
231 3508 263 3565 et
285 3494 467 3583 ‘interroga'
489 3502 600 3586 inquit,
624 3494 736 3584 Suilli,
761 3501 840 3567 filios
862 3508 947 3567 tuos:
965 3502 1081 3589 vvirum
1105 3522 1175 3567 esse

135 3623 186 3670 me
208 3600 411 3670 fatebuntur.
435 3605 660 3686 ingressusque
683 3604 910 3688 defensionem,
935 3606 1175 3715 cqmmotoms·
1267 3632 1287 3653 v

133 3708 232 3773 iorem
261 3708 294 3771 in
321 3708 449 3773 modum
479 3708 620 3791 Claudio,
650 3709 844 3774 Messalinae
874 3728 999 3803 quoque
1025 3674 1177 3806 lacrimas

135 3811 260 3877 excivit.
301 3812 415 3893 quibus
442 3811 607 3877 abluendis
637 3812 783 3878 cubiculo
806 3800 985 3895 egrediens
983 3790 1113 3901 tribnat:
1120 3795 1177 3879 Vr·
1186 3800 1244 3873 ’νὲ

134 3915 264 3997 tollium,
288 3934 329 3979 ne
352 3916 438 3981 elabi
463 3936 552 3981 reum
576 3916 709 3981 sineret:
743 3917 815 4000 ipsa
837 3915 879 3979 ad
900 3915 1074 3998 perniciem
1097 3892 1175 3998 Pop-

185 4025 280 4091 annua
293 4026 326 4069 bet
340 4025 432 4071 ῖιιιιιιι,
445 4026 476 4067 11.
495 4025 534 4079 (c.
544 4026 627 4080 ιιιιιιιῃ
640 4026 664 4069 iu
677 4025 767 4079 scissia.)
1056 4021 1070 4067 1
