2984 4275
318 169 380 234 114
451 183 500 239 Ab
519 200 636 240 excessu
653 185 687 238 D.
699 184 826 253 Augusti
844 184 913 239 XIV
932 187 1050 253 64-653
1068 183 1123 239 XV
1143 187 1220 240 1-2.

314 359 403 425 iectis
425 359 538 425 diebus
561 358 641 424 mori
661 359 797 443 iubetur,
821 378 893 423 cum
908 358 972 422 iam
987 358 1120 424 viduam
1134 379 1169 424 se
1184 365 1216 423 et
1230 365 1356 424 tantum

315 482 453 529 sororem
467 469 637 528 testaretur
652 481 897 542 communesque
913 462 1119 528 Germanicos
1141 469 1173 527 et
1195 470 1355 547 postremo

315 567 511 650 Agrippinae
537 586 654 632 nomen
681 567 787 651 cieret,
819 587 882 648 qua
908 566 1059 633 ineolumi
1084 566 1197 632 infelix
1226 567 1356 650 quidem

316 670 563 754 matrimonium,
602 670 660 736 sed
693 670 761 736 sine
795 670 892 735 exitio
925 671 1112 754 pertulisset.
1158 672 1357 754 restringitur

315 775 437 858 vinclis,
464 794 628 857 venaeque
656 776 725 840 eius
747 794 804 858 per
825 794 936 840 omnes
961 781 1049 840 artus
1074 775 1293 860 exsolvuntur3
1325 780 1357 839 et

316 878 391 960 quia
416 898 543 962 pressus
569 897 686 962 pavore
714 879 845 961 sanguis
867 878 988 944 tardius
1014 879 1193 963 labebatur,
1220 878 1358 964 praefer-

316 982 382 1047 vidi
415 982 522 1047 balnei
555 1001 673 1065 vapore
704 987 862 1047 enecatur.
909 982 1099 1064 additurque
1128 982 1263 1048 atrocior
1291 1002 1359 1047 sae·

316 1086 404 1170 vitia,
431 1085 517 1167 quod
543 1092 638 1170 caput
665 1092 863 1169 amputatum
889 1087 1052 1169 latumque
1078 1088 1112 1152 in
1139 1087 1251 1152 urbem
1279 1088 1358 1170 Pop

316 1210 398 1274 paea
411 1189 498 1256 vidit
524 1190 608 1254 dona
630 1190 671 1256 oh
694 1189 774 1255 haec
796 1190 923 1274 templis
946 1190 1073 1255 decreta
1087 1211 1182 1273 quem
1198 1190 1241 1254 ad
1260 1190 1358 1254 finem

317 1292 583 1359 memorabimus?
606 1294 796 1376 quicumque
819 1313 911 1359 casus
926 1301 1104 1378 temporum
1125 1294 1251 1360 illorum
1266 1293 1359 1359 nohis

316 1399 370 1463 vel
390 1398 461 1463 aliis
482 1397 663 1464 auctoribus
685 1405 827 1483 noscent,
850 1406 1087 1482 praesumptum
1110 1398 1259 1481 habeant,
1283 1418 1358 1481 quo

316 1503 400 1568 tiens
421 1502 515 1585 fugas
537 1509 569 1568 et
591 1502 706 1569 caedes
727 1503 816 1569 iussit
838 1505 996 1588 princepe,
1024 1503 1138 1568 totiens
1160 1510 1267 1586 grates
1289 1502 1359 1568 deis

317 1612 414 1690 actas,
449 1626 593 1688 quaeque
622 1627 727 1672 rerum
758 1607 966 1672 secundarum
995 1607 1079 1690 olim,
1114 1613 1183 1671 tum
1212 1607 1360 1691 publicae

317 1709 416 1775 cladis
442 1710 580 1793 insignia
606 1711 714 1777 fuisse.
754 1730 857 1792 neque
883 1717 991 1776 tamen
1019 1711 1191 1794 silebimus,
1219 1711 1247 1777 si
1274 1709 1361 1792 quod

318 1823 448 1879 senatus
479 1815 656 1879 consultum
685 1814 869 1881 adulatione
894 1835 1014 1880 novum
1042 1820 1099 1879 aut
1124 1815 1278 1899 patientia
1305 1833 1360 1898 po-

319 1925 469 1984 stremum
492 1918 562 1985 fuit.

158 2035 288 2088 cerotum
421 2022 473 2088 65.
497 2022 618 2088 Eodem
635 2044 719 2088 anno
734 2023 916 2087 libertorum
932 2022 1112 2106 potissimos
1127 2042 1252 2087 veneno
1267 2022 1362 2087 inter-

207 2105 244 2151 m
320 2127 434 2193 fecisse
449 2127 587 2193 creditus
604 2132 661 2212 est,
678 2127 902 2211 Doryphorum
916 2127 1008 2209 quasi
1022 2126 1228 2192 adversatum
1243 2126 1363 2210 nuptiis

152 2175 296 2299 ddum
320 2233 498 2316 Poppaeae,
530 2232 717 2315 Pallantem,
749 2231 833 2312 quod
862 2231 1040 2295 inmensam
1070 2231 1238 2315 pecuniam
1265 2231 1364 2313 longa

154 2313 298 2436 {mg
321 2343 450 2401 senecta
476 2336 640 2401 detineret.
685 2336 847 2400 Romanus
869 2336 997 2400 secretis
1024 2333 1295 2399 criminationibus
1316 2334 1363 2398 in·

176 2452 272 2505 terruit.
321 2446 487 2505 eusaverat
510 2439 665 2505 Senecam
688 2447 723 2503 ut
745 2439 779 2504 G.
802 2440 924 2505 Pisonis
946 2439 1075 2521 socium,
1103 2438 1160 2503 sed
1182 2438 1320 2504 validius
1342 2460 1364 2503 a

321 2543 444 2609 Seneca
466 2543 578 2608 eodem
600 2544 730 2609 crimine
754 2544 915 2627 perculsus
937 2550 994 2608 est.
1022 2543 1107 2607 unde
1128 2542 1236 2607 Pisoni
1257 2542 1360 2625 timor,

321 2654 353 2712 et
385 2655 454 2712 orta
486 2648 673 2713 insidiarum
706 2648 739 2711 in
773 2647 933 2712 Neronem
968 2667 1085 2730 magna
1118 2647 1217 2712 moles
1250 2653 1283 2711 et
1317 2646 1362 2711 in-

321 2772 482 2837 prospera.

711 2906 883 2989 LIBER
908 2905 980 2988 XV.

170 3078 285 3130 tobosa
430 3064 458 3127 1.
492 3063 617 3128 Interea
643 3083 699 3128 rex
726 3062 913 3128 Parthorum
935 3062 1109 3144 Vologeses
1136 3062 1270 3145 cognitis
1292 3062 1362 3128 Gor-

162 3146 291 3262 &baffi
323 3167 448 3233 bulonis
471 3167 565 3232 rebus
587 3186 758 3249 regemque
780 3166 993 3249 alienigenam
1013 3166 1175 3247 Tigranen
1191 3166 1362 3231 Armeniae

205 3287 249 3332 aaa
324 3271 515 3354 impositum,
539 3271 632 3335 simul
654 3269 752 3335 fratre
767 3269 908 3335 Tiridate
930 3265 1019 3352 pulso
1042 3275 1182 3353 spretum
1196 3269 1363 3334 Arsacida-

162 3356 297 3478 ffiffm
324 3396 393 3440 rum
415 3374 577 3458 fastigium
599 3375 645 3439 ire
668 3375 768 3439 ultum
783 3375 901 3458 volens,
925 3373 1144 3455 magnitudine
1160 3394 1285 3439 rursum
1305 3374 1363 3438 Ro-

158 3503 206 3547 sea
220 3494 297 3547 atreo
324 3499 420 3544 mana
446 3485 478 3543 et
501 3479 639 3544 continui
667 3479 804 3545 foederis
831 3478 1010 3543 reverentia
1036 3477 1180 3543 diversas
1205 3477 1249 3542 ad
1271 3497 1364 3543 curas

171 3564 285 3619 ‘mmm‘
324 3583 517 3665 trahebatur,
544 3590 707 3648 cunctator
727 3583 855 3666 ingenio
878 3589 910 3647 et
932 3581 1110 3647 defectione
1131 3582 1362 3666 Hyrcanorum,

323 3687 428 3770 gentis
454 3686 591 3769 validae,
619 3688 790 3769 multisque
817 3706 858 3750 ex
883 3705 921 3751 eo
949 3686 1042 3752 bellis
1069 3686 1229 3769 inligatus.
1268 3692 1363 3768 atque

322 3791 412 3856 illum
433 3790 619 3873 ambiguum
641 3812 743 3857 novus
770 3791 900 3874 insuper
922 3790 1050 3854 nuntius
1077 3791 1289 3862 contumeliae
1312 3807 1363 3856 ex·

324 3893 475 3958 stimulat:
506 3894 623 3978 quippe
651 3914 797 3977 egressus
819 3894 971 3958 Armenia
992 3895 1148 3977 Tigranes
1171 3894 1362 3978 Adiabenos,
