2984 4275
292 145 355 210 126
521 160 570 217 Ab
590 177 707 217 excessu
724 162 758 217 D.
771 162 899 232 Augusti
918 163 973 219 XV
987 166 1100 220 24-28.

176 351 218 397 ao
378 336 448 402 ·24.
485 337 575 402 Inter
607 356 688 419 quae
719 338 803 403 veris
833 337 986 423 principio
1016 337 1114 421 legati
1144 337 1333 403 Parthorum

293 441 444 507 mandata
470 443 554 524 regis
576 441 738 524 Vologesis
765 442 948 523 litterasque
973 442 1007 506 in
1029 441 1166 507 eandem
1195 441 1332 506 formam

140 560 255 614 ”uuus
292 547 440 611 attulere:
474 564 508 610 se
542 545 646 630 priora
680 551 712 610 et
741 545 856 610 totiens
885 546 1005 611 iactata
1033 565 1128 629 super
1157 545 1333 611 obtinenda

118 630 275 752 „mim
292 649 442 714 Armenia
465 669 549 714 nunc
571 650 725 731 omittere,
750 649 898 732 quoniam
921 649 963 732 di,
987 650 1133 731 quamvis
1155 650 1333 734 potentium

136 765 257 813 susce.
292 753 478 837 populorum
504 753 623 838 arbitri,
653 753 885 838 possessionem
911 753 1037 819 Parthis
1064 774 1128 819 uon
1154 755 1222 819 sine
1243 754 1334 837 igno·

293 857 390 922 minia
419 858 564 922 Romana
598 856 810 922 tradidissent.
856 877 957 941 nuper
989 857 1132 923 clausum
1155 858 1332 941 'ligranen3

292 968 363 1046 post
384 962 519 1025 Pactum
541 962 754 1044 legionesque,
783 982 855 1027 cum
876 963 1053 1046 opprimere
1076 967 1193 1046 posset,
1215 961 1334 1028 incolu-

292 1084 361 1129 mes
383 1064 548 1131 dimisisse.
573 1066 649 1130 satis
671 1065 882 1150 adprobatam
903 1066 982 1151 vim3
1006 1064 1117 1130 datum
1140 1071 1171 1130 et
1193 1064 1334 1130 lenitatis

292 1169 553 1253 experimentum.
599 1190 659 1234 nec
695 1175 914 1235 recusaturum
946 1170 1109 1234 Tiridaten
1147 1169 1334 1254 accipiendo

292 1271 467 1337 diademati
491 1274 525 1337 in
551 1274 662 1339 urbem
686 1275 803 1357 venire,
832 1274 892 1338 uisi
919 1274 1088 1339 sacerdotii
1113 1274 1265 1356 religione
1287 1279 1335 1337 at·

292 1376 454 1441 tineretur.
477 1377 595 1442 iturum
617 1377 659 1442 ad
682 1376 775 1460 signa
790 1385 822 1442 et
838 1377 961 1461 effigies
976 1378 1136 1463 principis,
1159 1378 1215 1443 ubi
1237 1377 1334 1460 legio·

293 1480 386 1546 nibus
407 1500 513 1545 coram
536 1501 669 1564 regnum
690 1482 917 1566 auspicaretur.

150 1598 244 1652 casseu
397 1583 449 1649 25.
483 1583 614 1649 Talibus
637 1585 799 1668 Vologesis
821 1587 940 1670 litteris,
972 1588 1045 1668 quia
1065 1587 1183 1651 Paetus
1205 1585 1334 1652 diversa

137 1667 261 1791 „ww
293 1695 457 1771 tamquam
479 1690 573 1755 rebus
600 1689 729 1773 integris
756 1691 924 1774 scribebat,
947 1692 1158 1774 interrogatus
1180 1690 1333 1774 centurio,

162 1806 237 1853 muse
295 1794 442 1875 quicum
464 1794 577 1876 legatis
599 1793 783 1875 advenerat,
811 1814 873 1876 quo
899 1796 932 1860 in
955 1800 1040 1859 statu
1062 1794 1213 1859 Armenia
1236 1801 1331 1878 esset,

120 1874 276 1991 ᾖξ’ζῗζξξξξ
293 1917 404 1962 omnes
425 1897 500 1962 inde
515 1898 676 1963 Romanos
698 1899 871 1963 excessisse
893 1899 1063 1982 respoudit.
1087 1906 1157 1963 tum
1171 1898 1333 1963 intellecto

120 2015 214 2061 uorsus
235 2015 276 2060 ac
294 2001 501 2066 barbarorum
512 2001 621 2083 inrisu,
645 2002 700 2084 qui
712 2009 858 2085 peterent
874 2002 957 2085 quod
970 2004 1159 2086 eripuerant,
1176 2002 1336 2067 consuluit

126 2085 172 2129 ”²¹¹¹
186 2083 270 2137 Μ’*
293 2105 376 2172 inter
397 2106 549 2191 primores
572 2106 708 2172 civitatis
731 2106 826 2191 Nero,
854 2106 973 2172 bellum
995 2126 1113 2192 anceps
1135 2127 1177 2173 an
1199 2126 1264 2191 pax
1286 2106 1335 2170 in-

293 2210 427 2276 honesta
455 2211 604 2295 placeret.
642 2230 702 2275 uec
733 2210 913 2276 dubitatum
939 2210 980 2276 de
1006 2210 1100 2276 bello.
1138 2219 1170 2275 et
1196 2209 1334 2276 Corbulo

295 2315 429 2380 militum
457 2322 554 2396 atque
580 2314 718 2381 hostium
746 2321 793 2379 tot
819 2335 877 2399 per
902 2335 1003 2380 anuos
1030 2334 1148 2398 gnarus
1173 2314 1334 2398 gerendae

294 2419 338 2484 rei
361 2418 548 2504 praeficitur,
572 2438 613 2484 ue
636 2420 724 2484 ouius
747 2420 877 2485 alterius
897 2420 1023 2484 inscitia
1044 2440 1168 2485 rursum
1189 2439 1334 2504 peccare-

294 2531 354 2606 tur,
382 2524 456 2605 quia
481 2523 572 2587 Paeti
598 2524 754 2607 piguerat.
790 2524 887 2606 igitur
908 2523 994 2587 inriti
1020 2523 1232 2606 remittuntur,
1260 2543 1334 2588 cum

294 2626 385 2691 donis
405 2632 522 2709 tamen,
545 2626 630 2692 uude
645 2646 718 2711 spes
732 2626 822 2691 fieret
836 2647 900 2692 non
916 2627 1030 2692 frustm
1045 2627 1158 2692 eadem
1173 2635 1334 2692 oraturum

294 2730 467 2813 Tiridaten,
497 2732 524 2796 si
551 2750 660 2814 preces
685 2732 754 2815 ipse
782 2731 949 2797 attulisset.
993 2730 1167 2814 Suriaeque
1189 2733 1334 2797 executio

295 2834 328 2900 C.
345 2834 458 2919 Cestio,
481 2835 591 2920 copiae
613 2836 765 2900 militares
781 2835 951 2901 Corbuloni
972 2836 1152 2920 permissae,
1176 2842 1208 2901 et
1222 2836 1336 2917 quinta
1410 2840 1412 2844 ’

295 2939 429 3004 decuma
456 2939 539 3022 legio
566 2938 704 3004 ducente
731 2939 830 3005 Mario
857 2940 947 3027 Celso
974 2960 992 3004 e
1019 2940 1184 3006 Pannonia
1209 2940 1334 3005 adiecta

296 3048 353 3107 est.
391 3042 536 3108 scribitur
558 3043 724 3109 tetrarchis
746 3063 785 3108 ac
808 3044 936 3127 regibus
957 3044 1189 3127 praefectisque
1211 3051 1244 3109 et
1266 3063 1335 3127 pro-

296 3147 499 3229 curatoribus,
531 3149 639 3229 etqui
663 3155 846 3232 praetorum
872 3146 1022 3213 finitimas
1048 3148 1225 3231 provincias
1246 3168 1335 3231 rege-

295 3253 382 3336 bant,
416 3251 508 3316 iussis
537 3251 721 3317 Corbulonis
751 3252 892 3334 obsequi,
924 3251 957 3316 iu
987 3259 1112 3317 tantum
1141 3253 1241 3318 ferme
1271 3272 1335 3317 me

296 3356 372 3421 dum
395 3363 488 3421 aucta
509 3363 674 3440 potestate,
707 3374 802 3437 quem
823 3356 958 3440 populus
979 3357 1142 3421 Romanus
1163 3357 1220 3422 Cu.
1243 3357 1334 3421 Pom·

295 3461 366 3545 peio
392 3461 513 3526 bellum
542 3460 709 3544 piraticum
735 3468 862 3542 gesturo
885 3459 1027 3525 dederat.
1055 3481 1235 3543 regressum
1257 3462 1334 3526 Pae-

295 3570 377 3644 tum,
416 3583 488 3628 cum
524 3565 670 3645 graviora
707 3571 875 3648 metueret,
913 3564 1037 3630 facetiis
1074 3564 1224 3630 insectari
1256 3565 1335 3630 satis

296 3665 408 3732 habuit
429 3666 552 3748 Caesar,
575 3667 626 3731 his
648 3666 750 3731 ferme
765 3667 884 3732 verbis:
908 3667 1073 3750 ignoscere
1095 3688 1129 3733 se
1151 3669 1269 3751 statim,
1293 3688 1334 3733 ne

296 3775 363 3859 tam
392 3776 555 3853 promptus
584 3770 617 3834 in
647 3790 798 3854 pavorem
821 3772 960 3854 longiore
990 3771 1201 3837 sollicitudine
1224 3792 1334 3855 aegre·

298 3878 408 3936 soeret.
