2984 4275
289 183 351 249 100
510 199 559 254 Ab
578 214 696 254 excessu
713 199 745 253 D.
759 198 887 268 Augusti
905 198 975 254 XIV
993 202 1105 256 35-39.

285 394 327 439 ne
356 372 522 458 strepitum
552 372 679 455 quidem
709 378 741 438 et
770 373 939 437 elamorem
967 377 1014 436 tot
1044 373 1174 454 milium,
1205 365 1325 438 nedum

285 477 422 562 impetus
452 482 483 541 et
513 495 625 541 manus
654 476 839 559 perlaturos.
877 476 905 540 si
930 476 1037 560 eopias
1063 482 1266 557 armatorum,
1300 476 1330 540 si

287 600 398 646 oausas
419 579 495 645 belli
517 599 624 644 seeum
643 577 871 662 expenderent,
894 578 1087 645 vincendum
1108 579 1165 643 illa
1186 580 1254 644 aeie
1276 580 1330 644 vel

287 683 466 750 eadendum
490 702 569 748 esse.
608 682 642 747 id
664 683 788 748 mulieri
811 682 1017 747 destinatum:
1047 684 1191 748 viverent
1213 683 1272 748 viri
1295 692 1330 748 et

289 788 453 853 servirent.

139 915 197 960 acte
210 914 247 959 aa
393 892 445 956 36.
472 891 522 955 Ne
544 888 713 955 Suetonius
736 889 865 971 quidem
887 889 920 953 in
943 898 1032 955 tanto
1055 890 1236 955 disorimine
1259 890 1331 954 sile-

130 983 253 1098 ⁶¹¹2¹2ss¹¹¹¹⁶
288 996 354 1062 bat.
392 1013 585 1076 quamquam
613 992 783 1058 confideret
809 993 928 1073 virtuti,
956 999 1062 1058 tamen
1090 993 1330 1059 exhortationes

115 1122 270 1176 trasmae.
289 1104 320 1163 et
347 1118 457 1182 preces
486 1097 649 1179 miseebat,
681 1104 716 1161 ut
746 1104 933 1180 spernerent
961 1117 1091 1163 sonores
1120 1097 1329 1163 barbarorum

287 1209 319 1266 et
341 1202 454 1266 inanes
481 1201 599 1266 minas:
626 1201 698 1284 plus
725 1201 789 1265 illio
815 1199 1007 1265 feminarum
1034 1220 1130 1284 quam
1156 1200 1330 1265 iuventutis

287 1305 395 1389 aspioi,
425 1303 562 1369 inbelles
584 1304 722 1369 inermes
744 1323 888 1369 cessuros
910 1304 1025 1388 statim,
1048 1304 1104 1368 ubi
1125 1303 1244 1369 ferrum
1266 1303 1329 1368 vir·

287 1415 450 1490 tutemque
473 1407 668 1472 vinoentium
690 1409 808 1473 totiens
830 1407 892 1472 fusi
915 1407 1151 1491 adgnouissent.
1175 1407 1272 1472 etiam
1295 1407 1331 1472 in

288 1512 395 1576 multis
410 1510 586 1593 legionibus
602 1530 728 1596 paueos,
750 1512 805 1593 qui
821 1511 940 1595 proelia
955 1510 1173 1595 profligarent3
1197 1511 1330 1592 gloriae-

287 1635 349 1697 que
364 1634 472 1679 eorum
487 1634 696 1697 accessurum,
718 1615 803 1695 quod
819 1615 944 1680 modioa
958 1635 1072 1679 manus
1087 1614 1228 1679 uniuersi
1241 1633 1329 1678 exer-

287 1719 367 1784 eitus
403 1718 523 1782 famam
559 1717 820 1802 adipiseerentur.
865 1718 999 1785 eonferti
1031 1725 1157 1787 tantum
1190 1724 1223 1781 et
1256 1717 1331 1801 pilis

289 1822 422 1905 emissis,
452 1828 523 1906 post
549 1821 741 1887 umbonibus
769 1828 800 1886 et
828 1822 942 1904 gladiis
969 1828 1106 1904 stragem
1134 1821 1330 1902 eaedemque

288 1928 516 2009 oontiuuarent,
544 1925 683 2010 praedae
712 1924 915 1990 inmemores:
946 1932 1039 2009 parta
1061 1925 1194 1991 viatoria
1216 1931 1332 1990 cuneta

289 2030 365 2116 ipsis
388 2049 523 2095 oessura.
547 2030 575 2094 is
597 2029 691 2094 ardor
712 2030 811 2094 verba
833 2029 922 2094 duois
944 2030 1143 2113 sequebatur,
1167 2030 1212 2094 ita
1234 2048 1269 2094 se
1289 2027 1332 2093 ad

287 2134 499 2218 intorquenda
524 2134 590 2219 pila
618 2133 804 2217 expedierat
830 2141 923 2199 vetus
949 2133 1042 2198 miles
1069 2140 1100 2198 et
1122 2134 1222 2198 multa
1244 2154 1332 2217 proe-

289 2241 403 2305 liorum
436 2238 642 2330 experientia,
677 2246 712 2303 ut
742 2244 846 2304 eertus
876 2245 1010 2303 eventus
1040 2236 1210 2303 Suetonius
1242 2237 1334 2301 daret

290 2364 417 2429 pugnae
441 2341 579 2425 signum.

133 2464 261 2518 arctatae
396 2447 448 2511 37.
483 2446 694 2530 deprimam
720 2445 804 2528 legio
832 2444 934 2528 gradu
959 2444 1081 2509 inmota
1107 2451 1140 2509 et
1167 2443 1333 2527 angustias

131 2534 266 2648 ΜᾞΜ
292 2550 354 2615 1οοί
375 2570 432 2634 pro
448 2550 643 2615 munimento
658 2549 808 2633 retinens,
832 2556 999 2632 postquam
1014 2548 1142 2633 propius
1157 2547 1333 2631 suggressis

130 2671 263 2724 scrutans
292 2653 438 2719 hostibus
460 2660 545 2717 oerto
567 2653 652 2718 iaetu
675 2654 738 2717 tela
760 2652 960 2735 exhauserat,
988 2653 1075 2717 velut
1096 2671 1196 2716 euneo
1219 2650 1330 2735 erupit.

118 2739 153 2785 Μ
167 2740 276 2854 ww
292 2757 377 2822 idem
399 2756 600 2821 auxiliarium
622 2756 773 2842 impetus;
798 2764 830 2821 et
851 2776 948 2838 eques
971 2755 1125 2840 protentis
1147 2755 1249 2821 hastis
1265 2775 1332 2839 per·

130 2880 166 2922 aa
180 2876 267 2931 aterna
292 2860 411 2943 fringit,
435 2859 520 2941 quod
542 2860 672 2925 obvium
695 2867 728 2924 et
747 2859 890 2924 validum
912 2866 987 2925 erat
1012 2860 1109 2925 oeteri
1130 2865 1222 2943 terga
1243 2877 1332 2942 prae-

133 2947 258 3000 ΨΜ·
290 2965 398 3047 buere,
421 2962 544 3027 difficili
566 2963 692 3046 effugio,
719 2964 794 3045 quia
816 2964 1016 3028 eiroumieeta
1038 2963 1185 3028 vehioula
1207 2981 1331 3045 saepse-

137 3088 138 3091 ’
290 3073 363 3132 rant
385 3066 497 3132 abitus.
522 3072 553 3132 et
576 3067 667 3131 miles
686 3087 728 3131 ne
749 3066 918 3131 mulierum
933 3066 1062 3149 quidem
1083 3066 1154 3131 neei
1176 3072 1332 3149 tempera-

289 3172 355 3252 bat,
384 3169 570 3251 oonfixaque
597 3170 669 3235 telis
692 3171 789 3234 etiam
810 3170 953 3234 iumenta
979 3188 1144 3254 eorporum
1167 3168 1328 3233 cumulum

290 3281 453 3340 auxerant.
477 3275 563 3339 olara
584 3279 616 3338 et
637 3274 777 3355 antiquis
791 3273 931 3338 victoriis
946 3292 1004 3356 par
1018 3293 1058 3337 ea
1071 3272 1124 3337 die
1138 3274 1208 3337 laus
1222 3279 1331 3355 parta:

289 3379 406 3462 quippe
429 3384 511 3460 sunt,
537 3378 591 3460 qui
612 3377 706 3461 paulo
731 3377 834 3441 minus
857 3396 952 3458 quam
975 3376 1137 3459 ootoginta
1159 3374 1247 3439 milia
1263 3376 1331 3439 Bri·

290 3488 457 3547 tannorum
479 3479 631 3546 oeoidisse
654 3480 790 3563 tradant,
815 3478 950 3544 militum
964 3477 1206 3562 quadringentis
1228 3477 1329 3543 ferme

288 3583 464 3650 interfectis
485 3604 546 3648 nee
568 3583 667 3649 multo
690 3584 826 3667 amplius
847 3582 1030 3648 vulneratis.
1054 3582 1214 3647 Boudieoa
1228 3582 1329 3656 vitam

289 3707 413 3753 venene
428 3687 540 3752 finivit.
564 3694 596 3752 et
612 3687 746 3753 Poenius
762 3687 938 3770 Postumus,
961 3685 1141 3769 praefectus
1155 3692 1331 3751 castrorum

290 3789 448 3856 secundae
474 3789 618 3872 legionis,
650 3789 785 3872 cognitis
812 3790 1172 3871 quartadecumanorum
1198 3788 1331 3854 visensi·

291 3911 519 3974 manorumque
542 3894 699 3977 prosperis
725 3893 830 3976 rebus,
857 3893 932 3974 quia
952 3893 1022 3976 pari
1048 3891 1148 3975 gloria
1171 3892 1331 3975 legionem
