2984 4275
492 193 516 232 a.
529 178 561 233 U.
575 193 597 231 c.
611 181 670 235 800.
695 194 720 245 p.
734 176 798 232 Chr.
811 180 853 232 47.
1174 162 1195 226 5

258 351 287 417 9.
321 352 411 416 Tunc
439 351 597 417 distractis
623 350 762 416 Orientis
786 350 907 417 viribus
934 358 966 416 et
989 372 1127 434 quonam
1149 352 1194 415 in·
1218 369 1359 421 narsetum

151 456 311 520 clinarent
337 455 476 538 incertis,
504 474 597 519 casus
623 454 799 519 Mithridati
825 455 919 519 datus
946 463 994 521 est
1017 455 1194 540 occupandi
1226 436 1351 561 ''ff‘ffil‘

150 559 348 641 Armeniam,
371 559 405 623 vi
427 559 535 623 militis
549 560 685 623 Romani
703 558 745 622 ad
761 558 978 623 exscindenda
993 559 1192 623 castellorum
1230 579 1348 633 statque

150 663 263 746 ardua,
296 662 390 728 simul
418 662 538 727 Hibero
566 663 708 727 exercitu
734 681 864 746 campos
890 662 1095 746 persultante.
1135 682 1194 727 nec
1211 647 1365 763 ”Z‘tffi'

151 767 239 831 enim
269 767 411 831 restitere
438 766 591 850 Armenii,
625 765 697 831 fuso
728 766 782 848 qui
812 765 966 849 proelium
1000 785 1097 830 ausus
1126 773 1195 830 erat
1212 786 1236 832 a
1252 786 1366 840 sartura.

150 872 347 935 Demonacte
374 870 547 954 praefecto.
583 870 748 954 paululum
775 869 983 934 cunctationis
1009 869 1115 934 attulit
1136 889 1195 934 rex

151 974 285 1038 minoris
307 973 479 1038 Armeniae
506 973 612 1057 Cotys,
643 974 743 1038 versis
770 974 843 1037 illuc
871 972 1060 1054 quibusdam
1087 992 1194 1057 proce-

151 1098 237 1161 rum;
261 1077 337 1141 dein
360 1078 474 1142 litteris
489 1077 635 1143 Caesaris
657 1078 819 1158 coercitus,
843 1083 875 1141 et
890 1083 1004 1141 cuncta
1026 1076 1060 1140 in
1076 1075 1195 1141 Mithri·

151 1181 251 1245 daten
272 1179 402 1263 fluxere,
436 1201 629 1263 quamquam
656 1182 841 1245 atrociorem
865 1200 960 1261 quam
988 1201 1071 1245 novo
1094 1201 1193 1262 regno

151 1283 352 1350 conduceret.
376 1292 410 1348 at
433 1284 544 1350 Parthi
565 1285 773 1369 imperatores
789 1304 861 1349 cum
875 1304 1016 1369 pugnam
1032 1292 1193 1369 pararent,

151 1389 266 1454 foedus
288 1394 420 1473 repente
443 1389 561 1454 iaciunt
584 1389 717 1472 cognitis
739 1389 939 1474 popularium
959 1390 1091 1472 insidiis,
1116 1409 1195 1472 quas

152 1493 305 1558 Gotarzes
327 1492 418 1557 fratri
439 1493 601 1577 patefecit,
627 1494 852 1577 congressique
875 1494 977 1577 primo
1000 1500 1193 1578 cunctanter,

152 1597 227 1661 dein
250 1597 408 1680 complexi
431 1598 561 1662 dextras
583 1596 669 1681 apud
691 1598 804 1661 altaria
820 1597 915 1661 deum
938 1598 1089 1682 pepigere
1112 1597 1193 1662 frau-

154 1701 227 1765 dem
254 1700 453 1765 inimicorum
483 1701 592 1766 ulcisci
621 1707 717 1784 atque
747 1701 809 1785 ipsi
838 1701 922 1765 inter
949 1721 984 1766 se
1011 1701 1193 1766 concedere.

152 1804 318 1888 potiorque
340 1805 506 1894 Vardanes
528 1805 615 1870 visus
638 1805 805 1869 retinendo
827 1825 941 1886 regno:
975 1810 1009 1867 at
1031 1804 1193 1886 Gotarzes,

152 1928 193 1972 no
222 1908 298 1992 quid
326 1909 548 1974 aemulationis
575 1910 751 1989 exsisteret,
782 1910 909 1993 penitus
935 1910 968 1971 in
997 1909 1194 1991 Hyrcaniam

152 2012 240 2077 abiit.
272 2032 479 2096 regressoque
495 2012 639 2076 Vardani
661 2011 786 2076 deditur
808 2011 954 2077 Seleucia
968 2012 1104 2096 septimo
1122 2018 1194 2097 post

152 2116 360 2182 defectionem
390 2137 484 2200 anno,
516 2136 581 2182 non
607 2116 676 2181 sine
704 2115 859 2181 dedecore
886 2115 1082 2200 Parthorum,
1115 2135 1193 2200 quos

151 2242 217 2285 una
239 2221 351 2287 civitas
373 2228 439 2286 tam
462 2222 517 2285 diu
540 2222 688 2287 eluserat.

260 2325 310 2389 10.
335 2325 417 2389 Exin
440 2326 653 2390 validissimas
675 2324 893 2409 praefecturas
915 2322 1036 2408 invisit5
1062 2330 1093 2388 et
1108 2343 1192 2388 recu·
1221 2339 1276 2392 ano
1291 2341 1358 2394 terra

151 2448 264 2512 perarc
287 2430 472 2494 Armeniam
494 2430 620 2511 avebat,
651 2429 686 2493 ni
708 2450 728 2493 a
750 2429 843 2493 Vibio
870 2427 984 2508 Marso,
1017 2427 1128 2493 Suriae
1151 2428 1193 2492 le·
1220 2408 1357 2533 &Imm

151 2538 236 2613 gato,
266 2533 387 2597 bellum
417 2533 584 2597 minitante
614 2532 771 2596 cohibitus
800 2531 891 2596 foret.
936 2537 1031 2612 atque
1065 2532 1192 2596 interim
1238 2549 1345 2603 ocreae

151 2635 305 2700 Gotarzes
326 2636 524 2720 paenitentia
546 2636 688 2700 concessi
710 2636 802 2718 regni
817 2642 849 2700 et
862 2642 997 2700 vocante
1017 2636 1191 2720 nobilitate,
1214 2619 1367 2741 ἆῃξξίζῦῗζω

151 2740 203 2806 cui
232 2738 264 2802 in
294 2759 373 2824 pace
404 2738 513 2804 dumus
542 2740 705 2804 servitium
733 2747 790 2819 est,
822 2740 978 2804 contrahit
1005 2741 1122 2824 copias,
1161 2745 1192 2804 et
1211 2759 1247 2803 ut
1265 2758 1365 2811 aetra.

150 2841 225 2905 huie
254 2848 364 2907 contm
394 2842 473 2906 itum
503 2843 545 2906 ad
575 2863 702 2907 amnem
732 2842 886 2926 Erinden3
917 2844 951 2907 in
978 2843 1067 2907 cuius
1093 2850 1192 2908 trans-

150 2965 264 3027 gressu
293 2947 427 3011 multum
457 2952 574 3011 certato
603 2948 737 3030 pervicit
764 2946 939 3029 Vardanes,
970 2947 1192 3030 prosperisque

150 3050 278 3133 proeliis
300 3049 424 3115 medias
447 3050 593 3115 nationes
615 3051 740 3131 subegit
763 3050 805 3114 ad
819 3049 938 3114 flumen
953 3049 1082 3133 Sinden,
1108 3049 1192 3133 quod

151 3154 263 3218 Dahas
284 3154 441 3237 Ariosque
468 3153 674 3218 disterminat.
715 3154 760 3219 ibi
787 3153 899 3219 modus
927 3154 1021 3218 rebus
1044 3154 1192 3219 secundis

150 3256 286 3340 positus:
311 3278 385 3321 nam
407 3256 518 3322 Parthi
541 3276 733 3340 quamquam
749 3258 885 3322 victores
907 3258 1113 3340 longinquam
1137 3260 1192 3322 mi-

151 3360 252 3424 litiam
268 3361 530 3445 aspernabantur.
554 3361 650 3443 igitur
665 3362 832 3425 exstructis
851 3361 1060 3442 monimentis,
1078 3362 1191 3444 quibus

151 3482 228 3547 opes
251 3483 325 3529 suas
347 3465 523 3529 testabatur
544 3484 603 3529 nec
626 3465 774 3547 cuiquam
797 3470 871 3529 ante
893 3464 1117 3529 Arsacidarum
1140 3465 1192 3529 tri·

150 3568 228 3633 buta
250 3568 313 3632 illis
336 3568 376 3632 de
398 3569 547 3650 gentibus
568 3575 669 3652 parta,
693 3568 871 3650 regreditur
887 3569 1002 3650 ingens
1025 3569 1124 3650 gloria
1147 3575 1189 3632 at·

152 3690 214 3752 qne
237 3689 274 3735 eo
296 3670 431 3736 ferocior
454 3678 486 3734 et
509 3672 658 3736 subiectis
685 3672 915 3751 intolerantior,
945 3672 999 3753 qui
1021 3670 1093 3736 dolo
1116 3679 1191 3737 ante

150 3775 313 3858 conposito
346 3775 508 3839 incautum
541 3775 767 3856 venationique
799 3775 956 3838 intentum
993 3775 1189 3859 interfecere,

151 3877 288 3961 primam
321 3878 405 3943 intra
439 3879 614 3960 iuventam,
648 3878 705 3943 sed
739 3877 928 3942 claritudine
957 3897 1075 3961 paucos
1108 3878 1192 3943 inter
