2984 4275
318 137 380 201 154
560 153 608 208 Ab
630 168 747 208 excessu
766 153 799 207 D.
806 152 933 221 Augusti
951 152 1021 207 XVI
1039 156 1133 209 5-10.

315 331 500 412 defuissent,
525 329 631 394 multis
654 329 761 412 palam
784 336 816 393 et
839 327 981 411 pluribus
1003 327 1142 410 occultis,
1170 333 1205 391 ut
1226 329 1359 392 nomina

314 456 352 501 ac
371 437 486 516 vultus,
511 434 710 498 alacritatem
732 432 957 514 tristitiamque
981 430 1161 495 coeuntium
1184 439 1357 497 scrutaren-

314 546 374 605 tur.
399 538 484 603 unde
498 537 693 602 tenuioribus
708 537 814 601 statim
830 524 974 618 inrogata
996 535 1162 619 supplicia,
1185 535 1356 601 adversum

313 645 462 709 inlustres
495 642 725 706 dissimulatum
759 641 801 705 ad
834 660 984 724 praesens
1018 646 1050 704 et
1082 660 1159 704 mox
1195 640 1359 705 redditum

315 747 432 813 odium.
457 746 664 828 ferebantque
687 746 929 830 Vespasianum,
954 751 1117 827 tamquam
1141 765 1251 811 somno
1275 748 1356 811 coni-

314 858 412 935 reret,
443 872 463 914 a
489 849 619 915 Phoebo
646 850 760 914 liberto
786 849 974 932 increpitum
1003 869 1163 931 aegreque
1193 851 1357 915 meliorum

314 955 460 1039 precibus
483 956 654 1037 obtectum,
686 973 762 1018 mox
788 954 1010 1017 imminentem
1036 953 1211 1036 perniciem
1237 956 1360 1019 maiore

314 1059 381 1124 fato
404 1058 561 1140 effugisse.

159 1159 285 1281 {two
420 1163 449 1226 6.
474 1163 548 1226 Post
563 1161 660 1226 finem
674 1161 786 1225 ludicri
801 1163 952 1245 Poppaea
968 1167 1103 1226 mortem
1118 1161 1205 1245 obiit,
1226 1161 1357 1226 fortuita

142 1300 178 1342 „a
191 1295 291 1351 qma,
315 1267 421 1330 mariti
441 1264 616 1348 iracundia,
644 1287 664 1329 a
687 1286 749 1346 quo
777 1266 910 1348 gravida
936 1266 1001 1329 ictu
1023 1267 1119 1330 calcis
1145 1213 1277 1329 addicta
1301 1272 1358 1330 est

314 1390 417 1451 neque
440 1370 527 1433 enim
549 1389 707 1434 venenum
721 1370 919 1451 crediderim,
944 1370 1088 1450 quamvis
1111 1369 1242 1449 quidam
1265 1371 1359 1452 scrip·

314 1481 397 1538 tores
423 1473 560 1556 nudant,
589 1473 661 1538 odio
689 1474 791 1555 magis
814 1493 911 1553 quam
937 1493 978 1537 ex
999 1471 1076 1536 fide:
1105 1474 1222 1556 quippe
1245 1473 1360 1538 libero·

313 1597 384 1642 rum
407 1578 538 1661 cupiens
561 1584 593 1642 et
615 1577 715 1641 amori
737 1578 845 1641 uxoris
867 1577 1021 1642 obnoxius
1044 1584 1121 1641 erat.
1157 1596 1270 1660 corpus
1293 1598 1356 1642 non

313 1682 381 1765 igni
403 1666 565 1765 abolitum,
589 1688 624 1744 ut
646 1682 809 1746 Romanus
832 1701 908 1764 mos,
937 1680 995 1746 sed
1018 1701 1128 1763 regum
1151 1686 1354 1745 externorum

315 1784 541 1851 consuetudine
564 1784 726 1850 differtum
741 1784 890 1850 odoribus
906 1784 1050 1848 conditur
1065 1785 1249 1865 tumuloque
1265 1785 1358 1849 Iulio

314 1909 384 1978 rum
398 1888 540 1953 infertur.
565 1887 680 1953 ductae
695 1895 803 1952 tamen
826 1887 974 1971 publicae
998 1888 1179 1968 exsequiae,
1202 1887 1356 1952 laudavit-

315 2014 377 2075 que
398 1994 468 2076 ipse
483 1991 569 2075 apud
583 2000 684 2057 rostra
700 1992 835 2056 formam
851 1993 918 2056 eius
934 1999 966 2055 et
981 1991 1064 2073 quod
1080 1991 1208 2056 divinae
1223 1991 1355 2055 infantis

314 2117 430 2181 parens
453 2096 566 2161 fuisset
587 2095 714 2177 aliaque
737 2096 883 2161 fortunae
906 2116 1039 2160 munera
1061 2115 1117 2180 pro
1133 2096 1313 2162 uirtutibus.

420 2201 449 2266 l.
483 2202 617 2265 Mortem
639 2202 807 2284 Poppaeae
833 2207 869 2263 ut
891 2202 998 2284 palam
1024 2201 1155 2281 tristem,
1186 2201 1232 2264 ita
1258 2221 1360 2265 recor-

260 2380 267 2404 ,
315 2305 466 2370 dantibus
487 2306 606 2369 laetam
628 2305 668 2369 ob
684 2305 905 2387 inpudicitiam
927 2304 994 2368 eius
1010 2304 1249 2385 saevitiamque,
1274 2325 1357 2368 nova

314 2410 445 2492 iusuper
470 2408 591 2473 invidia
617 2409 702 2472 Nero
733 2408 904 2491 complevit
933 2408 1130 2491 prohibendo
1157 2407 1190 2472 C.
1215 2407 1358 2472 Cassium

315 2513 419 2579 officio
443 2512 676 2592 exsequiarum,
701 2511 785 2592 quod
808 2512 943 2594 primum
966 2511 1119 2575 indicium
1142 2511 1229 2575 mali
1253 2532 1359 2592 neque

315 2617 348 2680 in
363 2616 495 2696 longum
510 2614 588 2678 dilat
575 2622 643 2678 tum
659 2623 715 2696 est,
740 2614 796 2678 sed
813 2615 940 2680 Silanus
956 2614 1044 2678 addit
1031 2622 1091 2697 t,ur
1112 2615 1199 2679 nullo
1216 2616 1357 2698 crimine,

316 2719 375 2783 nisi
403 2717 487 2799 quod
513 2717 639 2782 Cassius
669 2718 782 2800 opibus
809 2738 849 2782 ve
851 2696 943 2782 tustis
973 2725 1006 2782 et
1035 2720 1125 2800 gravi
1125 2725 1192 2782 tate
1224 2739 1356 2802 morum,

316 2822 444 2887 Silanus
467 2821 652 2886 claritudine
674 2822 801 2903 generis
823 2828 855 2886 et
871 2822 1015 2886 modesta
1036 2822 1167 2886 iuventa
1190 2823 1358 2904 praecelle

316 2929 403 2993 bant.
426 2927 522 3009 igitur
544 2926 641 2991 missa
663 2926 705 2989 ad
728 2935 874 2990 senatum
898 2926 1038 2990 oratione
1061 2926 1271 2992 removendos
1290 2945 1360 2989 are

317 3031 444 3114 publica
459 3036 607 3111 utrosque
620 3029 779 3114 disseruit3
796 3030 1034 3111 obiectavitque
1046 3029 1162 3112 (iassib,
1179 3028 1264 3109 quod
1280 3030 1361 3093 inter

316 3135 473 3218 imagines
495 3135 650 3198 maiorum
673 3135 769 3198 etiam
792 3134 825 3200 C.
849 3133 939 3198 Cassi
967 3133 1107 3215 effigiem
1130 3133 1288 3214 coluisset,
1314 3134 1360 3197 ita

316 3240 499 3322 inscriptam
523 3232 607 3303 ‘duci
629 3232 786 3321 partium':
816 3239 933 3321 quippe
961 3238 1083 3301 semina
1110 3236 1186 3300 belli
1208 3237 1309 3301 civilis
1331 3243 1361 3301 et

289 3339 299 3344 “
317 3342 527 3407 defectionem
548 3341 675 3407 adorno
690 3342 864 3406 Caesarum
887 3343 1076 3423 quaesitam.
1101 3360 1140 3405 ao
1154 3361 1195 3405 ne
1211 3342 1361 3404 memoria

317 3455 443 3513 tantum
457 3449 573 3513 infensi
585 3448 720 3512 nominis
730 3447 774 3511 ad
790 3446 963 3511 discordias
977 3452 1126 3527 uteretur,
1142 3444 1356 3528 adsumpsisse

317 3555 353 3618 L.
370 3553 555 3633 Silanum,
546 3571 695 3616 1uvenem
712 3571 830 3633 genere
845 3550 994 3633 nobilem,
1018 3549 1123 3614 animo
1143 3569 1279 3633 praemp
1281 3555 1357 3631 tuum,

319 3676 414 3737 quem
437 3655 527 3719 novis
549 3655 644 3719 rebus
667 3659 850 3719 ostentaret

176 3774 271 3819 suranus
425 3758 454 3821 8.
493 3759 601 3841 Ipsum
624 3757 739 3821 dehinc
762 3756 939 3821 Silanum
931 3757 1086 3840 increpuit
1073 3755 1218 3837 iisdem,
1247 3707 1360 3836 quibus

182 3843 268 3964 ,ἔξω
321 3868 469 3945 patruum
496 3861 563 3924 eius
585 3860 727 3941 Torquet
728 3881 792 3942 um,
819 3866 982 3940 tamquam
1011 3860 1189 3944 disponeret
1215 3859 1280 3923 iam
1306 3859 1360 3922 im·
