2984 4275
276 146 318 210 46
506 161 555 216 Ab
574 177 689 216 excessu
706 162 740 216 D.
754 161 880 230 Augusti
898 161 956 215 XII
975 164 1086 217 57-62.

277 356 336 403 usa
351 336 526 401 ministrum
542 336 645 420 operis
660 335 844 401 Narcissum
867 335 991 401 incusat
1005 335 1162 419 cupidinis
1177 355 1215 399 ac
1231 356 1319 420 prae·

279 443 399 506 darum.
423 461 483 505 neo
497 441 550 505 ille
565 440 687 525 reticet,
710 439 919 524 inpotentiam
937 440 1123 506 muliebrem
1144 440 1319 523 nimiasque

279 566 352 630 spes
375 546 442 610 eius
465 564 611 628 arguens.

107 763 254 817 scrutarius
387 754 438 820 58.
465 755 504 819 D.
528 754 619 819 Iunio
643 751 680 830 Q.
704 753 834 817 Haterio
858 752 1037 818 consulibus
1060 751 1197 817 sedecim
1219 773 1320 818 annos

109 832 265 950 ζ’ᾗξζζζῃῗῗῑ
282 868 377 928 natus
398 861 482 925 Nero
498 856 664 923 Octaviam
679 857 823 923 Caesaris
845 856 944 921 tiliam
966 857 999 920 in
1022 857 1256 922 matrimonium
1271 878 1319 921 ac-

277 967 368 1053 cepit.
407 970 504 1046 utque
526 961 636 1027 studiis
659 962 799 1027 honestis
823 969 855 1026 et
878 962 1078 1043 eloquentiae
1100 962 1200 1044 gloria
1223 963 1319 1027 enite-

276 1076 387 1153 sceret,
416 1086 511 1132 causa
533 1066 697 1131 Iliensium
720 1073 868 1149 suscepta
889 1067 1067 1130 Romanum
1090 1065 1185 1130 Troia
1207 1066 1318 1130 demis-

277 1196 346 1242 sum
380 1180 411 1237 et
441 1170 541 1235 Iuliae
575 1170 680 1253 stirpis
715 1176 873 1234 auctorem
900 1171 1043 1235 Aeneam
1077 1169 1203 1251 aliaque
1235 1170 1320 1234 haud

277 1277 385 1365 procul
419 1274 536 1340 fabulis
566 1282 676 1338 vetera
706 1273 845 1339 facunde
879 1282 1047 1340 exsecutus
1079 1280 1250 1358 perpetrat,
1285 1280 1320 1337 ut

277 1384 411 1449 Ilienses
434 1379 518 1443 omni
542 1378 668 1461 publico
692 1398 821 1443 munere
837 1379 1043 1444 solverentur.
1067 1378 1181 1443 eodem
1197 1386 1319 1443 oratore

278 1484 469 1552 Bononiensi
492 1481 632 1548 coloniae
654 1482 721 1564 igni
743 1482 877 1547 haustae
902 1484 1093 1548 subventum
1114 1483 1253 1547 centiens
1274 1502 1319 1546 se·

278 1590 380 1657 stertii
394 1586 573 1670 largitione;
598 1585 741 1651 redditur
755 1586 887 1651 Rhodiis
906 1586 1044 1670 libertas
1060 1587 1210 1670 adempta
1225 1606 1319 1670 saepe

219 1774 222 1778 ἱ
278 1701 333 1759 aut
359 1693 494 1773 firmata,
524 1696 617 1774 prout
645 1689 737 1755 bellis
768 1690 907 1756 externis
938 1697 1121 1755 meruerant
1150 1697 1205 1755 aut
1233 1690 1318 1754 domi

278 1797 432 1863 seditione
462 1794 675 1878 deliquerant;
706 1795 925 1876 tributumque
953 1796 1186 1880 Apamensibus
1215 1803 1318 1860 terrae

279 1908 364 1965 motu
388 1899 545 1965 convulsis
567 1897 600 1961 in
624 1898 876 1979 quinquennium
898 1900 1072 1965 remissum.

118 2009 249 2063 scrutano
382 2003 434 2068 59.
458 2002 501 2066 At
516 2001 666 2068 Claudius
682 2002 869 2068 saevissima
884 2023 1029 2085 quaeque
1052 2024 1194 2086 promere
1214 2003 1319 2087 adige-

107 2079 262 2194 ”fflssm
279 2111 372 2176 batur
387 2107 528 2175 eiusdem
544 2106 738 2191 Agrippinae
753 2106 883 2192 artibus,
907 2125 989 2190 quae
1004 2106 1164 2173 Statilium
1179 2109 1319 2173 Taurum

121 2219 248 2272 arctatura
280 2215 391 2299 opibus
418 2212 584 2277 inlustrem
611 2212 708 2276 hortis
732 2212 800 2276 eius
828 2211 954 2277 inhians
977 2214 1127 2295 pervertit
1149 2219 1318 2279 accusante

122 2288 247 2410 affigi„
279 2317 441 2399 Tarquitio
464 2317 579 2381 Prisco.
618 2316 741 2398 legatus
763 2316 790 2380 is
812 2317 908 2380 Tauri
930 2317 1070 2381 Africam
1097 2317 1228 2401 imperio
1251 2338 1318 2401 pro·

280 2422 437 2488 consulari
458 2420 607 2504 regentis,
631 2425 799 2503 postquam
816 2428 1019 2521 pevenerant,
1051 2441 1152 2504 pauca
1173 2429 1318 2506 repetun-

279 2527 391 2591 darum
405 2525 545 2608 crimina,
566 2530 704 2588 ceterum
718 2525 860 2607 magicas
876 2525 1111 2609 superstitiones
1126 2526 1314 2591 obiectabat.

278 2651 338 2696 nec
360 2630 414 2694 ille
429 2628 547 2692 diutius
568 2627 684 2692 falsum
707 2635 931 2713 accusatorem,
955 2629 1103 2712 indignas
1126 2629 1234 2695 sordes
1250 2650 1317 2713 per·

278 2754 389 2819 pessus
415 2732 481 2797 vim
508 2731 592 2796 vitae
620 2751 696 2795 suae
722 2732 830 2796 attulit
856 2739 931 2797 ante
960 2733 1149 2797 sententiam
1179 2741 1314 2799 senatus.

278 2836 459 2920 Tarquitius
489 2840 597 2899 tamen
627 2836 713 2899 curia
743 2842 874 2901 exactus
905 2843 962 2918 est,
994 2836 1078 2918 quod
1108 2844 1214 2921 patres
1244 2838 1316 2903 odio

280 2941 429 3006 delatoris
452 2946 561 3004 contra
584 2940 738 3004 ambitum
761 2940 956 3024 Agrippinae
978 2941 1149 3025 pervicere.

106 3050 252 3104 amerina
384 3044 435 3109 60.
459 3043 580 3109 Eodem
595 3064 679 3109 anno
694 3044 820 3128 saepius
835 3045 944 3109 audita
955 3066 1018 3110 vox
1033 3045 1191 3130 principis,
1207 3067 1316 3130 parem

105 3120 263 3243 ,mffffi
279 3150 344 3214 vim
366 3169 470 3214 rerum
493 3145 674 3212 habendam
696 3168 715 3212 a
737 3149 990 3232 procuratoribus
1012 3149 1076 3213 suis
1097 3149 1315 3231 iudicatarum,

157 3259 212 3311 ara
279 3274 318 3319 ac
340 3254 367 3317 si
388 3253 456 3337 ipse
479 3252 647 3317 statuisset.
685 3273 723 3317 ac
746 3274 787 3318 ne
810 3253 938 3318 fortuito
959 3254 1124 3337 prolapsus
1146 3252 1314 3335 videretur,

124 3328 243 3375 ‘mmm‘
278 3363 408 3422 senatus
430 3374 555 3439 quoque
578 3358 719 3422 consulto
743 3364 870 3422 cautum
897 3357 1021 3441 plenius
1044 3376 1139 3441 quarn
1167 3365 1262 3422 antea
1285 3362 1316 3421 et

279 3460 415 3526 uberius.
439 3481 514 3524 nam
529 3459 621 3525 divus
635 3461 795 3544 Augustus
810 3461 896 3546 apud
911 3468 1080 3546 equestres,
1101 3462 1155 3543 qui
1169 3461 1316 3546 Aegypto

277 3563 502 3649 praesiderent,
531 3565 602 3647 lege
625 3565 678 3648 agi
701 3564 892 3646 decretaque
916 3585 1024 3629 eorum
1052 3565 1182 3649 perinde
1204 3565 1314 3631 haberi

276 3669 420 3752 iusserat,
450 3687 489 3732 ac
516 3667 542 3731 si
569 3669 771 3750 magistratus
800 3668 937 3733 Romani
964 3668 1211 3753 constituissent;
1243 3689 1316 3733 mox

278 3773 356 3838 alias
378 3792 435 3856 per
456 3772 634 3855 provincias
662 3780 693 3837 et
720 3774 754 3836 in
782 3775 859 3838 urbe
886 3774 1037 3857 pleraque
1060 3792 1209 3839 concessa
1232 3780 1314 3857 sunt,

278 3897 360 3959 quae
383 3876 457 3941 olim
480 3896 499 3940 a
521 3876 718 3959 praetoribus
740 3878 959 3942 noscebantur.
984 3877 1133 3942 Claudius
1155 3898 1248 3943 omne
1266 3879 1316 3942 ius
