<?xml version="1.0" encoding="UTF-8"?>
<!DOCTYPE html PUBLIC "-//W3C//DTD XHTML 1.0 Transitional//EN"
    "http://www.w3.org/TR/xhtml1/DTD/xhtml1-transitional.dtd">
<html xmlns="http://www.w3.org/1999/xhtml" xml:lang="en" lang="en">
 <head>
  <title>
</title>
<meta http-equiv="Content-Type" content="text/html;charset=utf-8" />
  <meta name='ocr-system' content='tesseract 3.04.00' />
  <meta name='ocr-capabilities' content='ocr_page ocr_carea ocr_par ocr_line ocrx_word'/>
</head>
<body>
  <div class='ocr_page' id='page_1' title='image "./dieannalendespc00chrigoog_0061.png"; bbox 0 0 2984 4275; ppageno 0'>
   <div class='ocr_carea' id='block_1_1' title="bbox 292 83 1101 168">
    <p class='ocr_par' dir='ltr' id='par_1_1' title="bbox 292 83 1101 168">
     <span class='ocr_line' id='line_1_1' title="bbox 292 83 1101 168; baseline -0.004 -15"><span class='ocrx_word' id='word_1_1' title='bbox 292 83 337 147; x_wconf 82' lang='lat'>40</span> <span class='ocrx_word' id='word_1_2' title='bbox 524 100 573 153; x_wconf 84' lang='lat' dir='ltr'>Ab</span> <span class='ocrx_word' id='word_1_3' title='bbox 593 115 709 154; x_wconf 73' lang='lat' dir='ltr'>excessu</span> <span class='ocrx_word' id='word_1_4' title='bbox 727 99 761 153; x_wconf 86' lang='lat' dir='ltr'>n.</span> <span class='ocrx_word' id='word_1_5' title='bbox 775 99 896 168; x_wconf 80' lang='lat' dir='ltr'>Augusti</span> <span class='ocrx_word' id='word_1_6' title='bbox 913 99 971 153; x_wconf 83' lang='lat' dir='ltr'>xm</span> <span class='ocrx_word' id='word_1_7' title='bbox 988 102 1101 156; x_wconf 80' lang='lat'>45-48.</span> 
     </span>
    </p>
   </div>
   <div class='ocr_carea' id='block_1_2' title="bbox 127 273 1461 3791">
    <p class='ocr_par' dir='ltr' id='par_1_2' title="bbox 166 273 1337 1604">
     <span class='ocr_line' id='line_1_2' title="bbox 294 273 1336 358; baseline 0.002 -21"><span class='ocrx_word' id='word_1_8' title='bbox 294 273 404 358; x_wconf 88' lang='lat' dir='ltr'>fectus,</span> <span class='ocrx_word' id='word_1_9' title='bbox 428 273 569 339; x_wconf 90' lang='lat' dir='ltr'>centurio</span> <span class='ocrx_word' id='word_1_10' title='bbox 592 273 758 357; x_wconf 78' lang='lat' dir='ltr'>Casperius</span> <span class='ocrx_word' id='word_1_11' title='bbox 781 281 957 357; x_wconf 71' lang='lat' dir='ltr'><strong>praeerant.</strong></span> <span class='ocrx_word' id='word_1_12' title='bbox 996 273 1075 339; x_wconf 88' lang='lat' dir='ltr'>nihil</span> <span class='ocrx_word' id='word_1_13' title='bbox 1097 281 1163 338; x_wconf 89' lang='lat' dir='ltr'>tam</span> <span class='ocrx_word' id='word_1_14' title='bbox 1185 274 1336 358; x_wconf 82' lang='lat' dir='ltr'>ignarum</span> 
     </span>
     <span class='ocr_line' id='line_1_3' title="bbox 294 378 1334 463; baseline -0.002 -20"><span class='ocrx_word' id='word_1_15' title='bbox 294 378 437 443; x_wconf 90' lang='lat' dir='ltr'>barbaris</span> <span class='ocrx_word' id='word_1_16' title='bbox 465 398 560 461; x_wconf 87' lang='lat' dir='ltr'>quam</span> <span class='ocrx_word' id='word_1_17' title='bbox 587 378 844 443; x_wconf 89' lang='lat' dir='ltr'>machinamenta</span> <span class='ocrx_word' id='word_1_18' title='bbox 874 386 906 443; x_wconf 91' lang='lat' dir='ltr'>et</span> <span class='ocrx_word' id='word_1_19' title='bbox 932 385 1019 443; x_wconf 89' lang='lat' dir='ltr'>astus</span> <span class='ocrx_word' id='word_1_20' title='bbox 1045 380 1334 463; x_wconf 80' lang='lat' dir='ltr'>oppugnationum:</span> 
     </span>
     <span class='ocr_line' id='line_1_4' title="bbox 294 482 1335 567; baseline 0 -21"><span class='ocrx_word' id='word_1_21' title='bbox 294 489 328 546; x_wconf 92' lang='lat' dir='ltr'>at</span> <span class='ocrx_word' id='word_1_22' title='bbox 350 482 441 547; x_wconf 90' lang='lat' dir='ltr'>nobis</span> <span class='ocrx_word' id='word_1_23' title='bbox 468 502 506 546; x_wconf 87' lang='lat' dir='ltr'>ea</span> <span class='ocrx_word' id='word_1_24' title='bbox 532 502 606 567; x_wconf 91' lang='lat' dir='ltr'>pars</span> <span class='ocrx_word' id='word_1_25' title='bbox 628 482 760 546; x_wconf 90' lang='lat' dir='ltr'>militiae</span> <span class='ocrx_word' id='word_1_26' title='bbox 783 482 919 548; x_wconf 81' lang='lat' dir='ltr'>maxime</span> <span class='ocrx_word' id='word_1_27' title='bbox 948 503 1049 566; x_wconf 80' lang='lat' dir='ltr'>gnara</span> <span class='ocrx_word' id='word_1_28' title='bbox 1071 489 1126 547; x_wconf 86' lang='lat' dir='ltr'>est.</span> <span class='ocrx_word' id='word_1_29' title='bbox 1163 482 1209 547; x_wconf 88' lang='lat' dir='ltr'>ita</span> <span class='ocrx_word' id='word_1_30' title='bbox 1231 482 1335 547; x_wconf 89' lang='lat' dir='ltr'>Rada-</span> 
     </span>
     <span class='ocr_line' id='line_1_5' title="bbox 295 585 1335 670; baseline -0.001 -20"><span class='ocrx_word' id='word_1_31' title='bbox 295 586 405 650; x_wconf 80' lang='lat' dir='ltr'>mistus</span> <span class='ocrx_word' id='word_1_32' title='bbox 427 586 542 651; x_wconf 83' lang='lat' dir='ltr'>irustra</span> <span class='ocrx_word' id='word_1_33' title='bbox 558 587 609 651; x_wconf 86' lang='lat' dir='ltr'>vel</span> <span class='ocrx_word' id='word_1_34' title='bbox 625 606 697 651; x_wconf 94' lang='lat' dir='ltr'>cum</span> <span class='ocrx_word' id='word_1_35' title='bbox 719 585 837 650; x_wconf 90' lang='lat' dir='ltr'>damno</span> <span class='ocrx_word' id='word_1_36' title='bbox 860 587 1021 670; x_wconf 89' lang='lat' dir='ltr'>temptatis</span> <span class='ocrx_word' id='word_1_37' title='bbox 1040 586 1266 651; x_wconf 82' lang='lat' dir='ltr'>munitionibus</span> <span class='ocrx_word' id='word_1_38' title='bbox 1281 586 1335 649; x_wconf 92' lang='lat' dir='ltr'>ob-</span> 
     </span>
     <span class='ocr_line' id='line_1_6' title="bbox 293 688 1336 775; baseline -0.002 -20"><span class='ocrx_word' id='word_1_39' title='bbox 293 688 409 755; x_wconf 88' lang='lat' dir='ltr'>sidium</span> <span class='ocrx_word' id='word_1_40' title='bbox 431 690 554 775; x_wconf 75' lang='lat' dir='ltr'>incipit,</span> <span class='ocrx_word' id='word_1_41' title='bbox 590 697 621 755; x_wconf 88' lang='lat' dir='ltr'>et</span> <span class='ocrx_word' id='word_1_42' title='bbox 643 710 716 754; x_wconf 90' lang='lat' dir='ltr'>cum</span> <span class='ocrx_word' id='word_1_43' title='bbox 731 691 780 755; x_wconf 88' lang='lat' dir='ltr'>vis</span> <span class='ocrx_word' id='word_1_44' title='bbox 803 691 1034 774; x_wconf 84' lang='lat' dir='ltr'>neglegeretur,</span> <span class='ocrx_word' id='word_1_45' title='bbox 1058 690 1223 755; x_wconf 86' lang='lat' dir='ltr'>avaritiam</span> <span class='ocrx_word' id='word_1_46' title='bbox 1245 710 1336 773; x_wconf 87' lang='lat' dir='ltr'>prae-</span> 
     </span>
     <span class='ocr_line' id='line_1_7' title="bbox 295 794 1335 879; baseline 0.001 -22"><span class='ocrx_word' id='word_1_47' title='bbox 295 794 369 858; x_wconf 82' lang='lat' dir='ltr'>fecti</span> <span class='ocrx_word' id='word_1_48' title='bbox 396 801 581 879; x_wconf 84' lang='lat' dir='ltr'>emereatur,</span> <span class='ocrx_word' id='word_1_49' title='bbox 609 794 790 859; x_wconf 88' lang='lat' dir='ltr'>obtestante</span> <span class='ocrx_word' id='word_1_50' title='bbox 816 794 972 878; x_wconf 78' lang='lat' dir='ltr'>Casperio,</span> <span class='ocrx_word' id='word_1_51' title='bbox 1000 814 1041 859; x_wconf 93' lang='lat' dir='ltr'>ne</span> <span class='ocrx_word' id='word_1_52' title='bbox 1069 794 1171 859; x_wconf 90' lang='lat' dir='ltr'>socius</span> <span class='ocrx_word' id='word_1_53' title='bbox 1198 814 1262 877; x_wconf 85' lang='lat' dir='ltr'>rex,</span> <span class='ocrx_word' id='word_1_54' title='bbox 1291 814 1335 858; x_wconf 89' lang='lat' dir='ltr'>ne</span> 
     </span>
     <span class='ocr_line' id='line_1_8' title="bbox 294 898 1336 982; baseline 0.001 -21"><span class='ocrx_word' id='word_1_55' title='bbox 294 898 444 963; x_wconf 85' lang='lat' dir='ltr'>Armenia</span> <span class='ocrx_word' id='word_1_56' title='bbox 468 898 586 963; x_wconf 89' lang='lat' dir='ltr'>donum</span> <span class='ocrx_word' id='word_1_57' title='bbox 608 898 716 982; x_wconf 92' lang='lat' dir='ltr'>populi</span> <span class='ocrx_word' id='word_1_58' title='bbox 733 898 869 963; x_wconf 91' lang='lat' dir='ltr'>Romani</span> <span class='ocrx_word' id='word_1_59' title='bbox 890 898 1008 963; x_wconf 88' lang='lat' dir='ltr'>scelere</span> <span class='ocrx_word' id='word_1_60' title='bbox 1030 903 1062 962; x_wconf 91' lang='lat' dir='ltr'>et</span> <span class='ocrx_word' id='word_1_61' title='bbox 1084 898 1219 982; x_wconf 90' lang='lat' dir='ltr'>pecunia</span> <span class='ocrx_word' id='word_1_62' title='bbox 1234 904 1336 962; x_wconf 80' lang='lat' dir='ltr'>uerte·</span> 
     </span>
     <span class='ocr_line' id='line_1_9' title="bbox 294 1001 1337 1085; baseline 0 -19"><span class='ocrx_word' id='word_1_63' title='bbox 294 1007 409 1067; x_wconf 85' lang='lat' dir='ltr'>rentur.</span> <span class='ocrx_word' id='word_1_64' title='bbox 433 1008 592 1085; x_wconf 88' lang='lat' dir='ltr'>postremo</span> <span class='ocrx_word' id='word_1_65' title='bbox 608 1002 682 1084; x_wconf 89' lang='lat' dir='ltr'>quia</span> <span class='ocrx_word' id='word_1_66' title='bbox 704 1001 940 1067; x_wconf 88' lang='lat' dir='ltr'>multitudinem</span> <span class='ocrx_word' id='word_1_67' title='bbox 962 1002 1102 1068; x_wconf 90' lang='lat' dir='ltr'>hostium</span> <span class='ocrx_word' id='word_1_68' title='bbox 1123 1002 1233 1084; x_wconf 92' lang='lat' dir='ltr'>Pollio,</span> <span class='ocrx_word' id='word_1_69' title='bbox 1249 1002 1337 1066; x_wconf 91' lang='lat' dir='ltr'>iussa</span> 
     </span>
     <span class='ocr_line' id='line_1_10' title="bbox 294 1105 1334 1190; baseline -0.001 -20"><span class='ocrx_word' id='word_1_70' title='bbox 294 1105 392 1190; x_wconf 90' lang='lat' dir='ltr'>patris</span> <span class='ocrx_word' id='word_1_71' title='bbox 414 1106 618 1171; x_wconf 84' lang='lat' dir='ltr'>Radamistus</span> <span class='ocrx_word' id='word_1_72' title='bbox 638 1106 865 1190; x_wconf 87' lang='lat' dir='ltr'>obtendebant,</span> <span class='ocrx_word' id='word_1_73' title='bbox 890 1111 1000 1189; x_wconf 90' lang='lat' dir='ltr'>pactus</span> <span class='ocrx_word' id='word_1_74' title='bbox 1021 1105 1161 1170; x_wconf 81' lang='lat' dir='ltr'>indutias</span> <span class='ocrx_word' id='word_1_75' title='bbox 1181 1106 1334 1187; x_wconf 81' lang='lat' dir='ltr'>abscedit,</span> 
     </span>
     <span class='ocr_line' id='line_1_11' title="bbox 294 1209 1337 1294; baseline 0 -21"><span class='ocrx_word' id='word_1_76' title='bbox 294 1216 338 1292; x_wconf 91' lang='lat' dir='ltr'>ut,</span> <span class='ocrx_word' id='word_1_77' title='bbox 359 1210 419 1274; x_wconf 90' lang='lat' dir='ltr'>nisi</span> <span class='ocrx_word' id='word_1_78' title='bbox 432 1210 673 1275; x_wconf 81' lang='lat' dir='ltr'>Pharasmanen</span> <span class='ocrx_word' id='word_1_79' title='bbox 690 1210 771 1275; x_wconf 90' lang='lat' dir='ltr'>bello</span> <span class='ocrx_word' id='word_1_80' title='bbox 787 1209 1017 1294; x_wconf 85' lang='lat' dir='ltr'>absterruisset,</span> <span class='ocrx_word' id='word_1_81' title='bbox 1041 1209 1238 1275; x_wconf 90' lang='lat' dir='ltr'>Ummidium</span> <span class='ocrx_word' id='word_1_82' title='bbox 1253 1209 1337 1286; x_wconf 76' lang='lat' dir='ltr'>Qua-</span> 
     </span>
     <span class='ocr_line' id='line_1_12' title="bbox 295 1312 1336 1397; baseline 0.001 -21"><span class='ocrx_word' id='word_1_83' title='bbox 295 1312 421 1377; x_wconf 90' lang='lat' dir='ltr'>dratum</span> <span class='ocrx_word' id='word_1_84' title='bbox 450 1312 628 1397; x_wconf 88' lang='lat' dir='ltr'>praesidem</span> <span class='ocrx_word' id='word_1_85' title='bbox 658 1313 768 1378; x_wconf 86' lang='lat' dir='ltr'>Suriae</span> <span class='ocrx_word' id='word_1_86' title='bbox 799 1312 933 1396; x_wconf 88' lang='lat' dir='ltr'>doceret,</span> <span class='ocrx_word' id='word_1_87' title='bbox 965 1332 1026 1394; x_wconf 90' lang='lat' dir='ltr'>quo</span> <span class='ocrx_word' id='word_1_88' title='bbox 1056 1313 1090 1377; x_wconf 91' lang='lat' dir='ltr'>in</span> <span class='ocrx_word' id='word_1_89' title='bbox 1117 1319 1202 1378; x_wconf 89' lang='lat' dir='ltr'>statu</span> <span class='ocrx_word' id='word_1_90' title='bbox 1227 1315 1336 1377; x_wconf 85' lang='lat' dir='ltr'>Arme-</span> 
     </span>
     <span class='ocr_line' id='line_1_13' title="bbox 294 1417 460 1483; baseline 0.012 -2"><span class='ocrx_word' id='word_1_91' title='bbox 294 1417 349 1481; x_wconf 91' lang='lat' dir='ltr'>nia</span> <span class='ocrx_word' id='word_1_92' title='bbox 370 1417 460 1483; x_wconf 88' lang='lat' dir='ltr'>foret.</span> 
     </span>
     <span class='ocr_line' id='line_1_14' title="bbox 166 1520 1336 1604; baseline -0.001 -17"><span class='ocrx_word' id='word_1_93' title='bbox 166 1534 239 1587; x_wconf 59' lang='lat' dir='ltr'>aitte</span> <span class='ocrx_word' id='word_1_94' title='bbox 399 1521 451 1585; x_wconf 88' lang='grc'>46.</span> <span class='ocrx_word' id='word_1_95' title='bbox 490 1521 641 1604; x_wconf 81' lang='lat' dir='ltr'>Digressu</span> <span class='ocrx_word' id='word_1_96' title='bbox 674 1521 867 1587; x_wconf 78' lang='lat' dir='ltr'>centurionis</span> <span class='ocrx_word' id='word_1_97' title='bbox 896 1522 985 1586; x_wconf 81' lang='lat' dir='ltr'>uelut</span> <span class='ocrx_word' id='word_1_98' title='bbox 1015 1520 1145 1587; x_wconf 90' lang='lat' dir='ltr'>custode</span> <span class='ocrx_word' id='word_1_99' title='bbox 1175 1522 1336 1587; x_wconf 83' lang='lat' dir='ltr'>exsolutus</span> 
     </span>
    </p>

    <p class='ocr_par' dir='ltr' id='par_1_3' title="bbox 127 1602 1335 1725">
     <span class='ocr_line' id='line_1_15' title="bbox 127 1602 1335 1725; baseline -0.001 -36"><span class='ocrx_word' id='word_1_100' title='bbox 127 1602 277 1725; x_wconf 36' lang='lat' dir='ltr'>“mast</span> <span class='ocrx_word' id='word_1_101' title='bbox 298 1624 475 1709; x_wconf 82' lang='lat' dir='ltr'>praefectus</span> <span class='ocrx_word' id='word_1_102' title='bbox 508 1624 627 1691; x_wconf 90' lang='lat' dir='ltr'>hortari</span> <span class='ocrx_word' id='word_1_103' title='bbox 658 1624 861 1691; x_wconf 89' lang='lat' dir='ltr'>Mithridaten</span> <span class='ocrx_word' id='word_1_104' title='bbox 895 1626 937 1689; x_wconf 87' lang='lat' dir='ltr'>ad</span> <span class='ocrx_word' id='word_1_105' title='bbox 975 1625 1182 1691; x_wconf 87' lang='lat' dir='ltr'>sanciendum</span> <span class='ocrx_word' id='word_1_106' title='bbox 1214 1625 1335 1706; x_wconf 83' lang='lat' dir='ltr'>foedus,</span> 
     </span>
    </p>

    <p class='ocr_par' dir='ltr' id='par_1_4' title="bbox 128 1727 1461 3584">
     <span class='ocr_line' id='line_1_16' title="bbox 128 1727 1337 1814; baseline -0.002 -20"><span class='ocrx_word' id='word_1_107' title='bbox 128 1742 276 1795; x_wconf 71' lang='lat' dir='ltr'>casetano</span> <span class='ocrx_word' id='word_1_108' title='bbox 298 1729 550 1793; x_wconf 89' lang='lat' dir='ltr'>coniunctionem</span> <span class='ocrx_word' id='word_1_109' title='bbox 577 1727 708 1793; x_wconf 81' lang='lat' dir='ltr'>fratrum</span> <span class='ocrx_word' id='word_1_110' title='bbox 735 1749 773 1793; x_wconf 90' lang='lat' dir='ltr'>ae</span> <span class='ocrx_word' id='word_1_111' title='bbox 800 1730 936 1814; x_wconf 88' lang='lat' dir='ltr'>priorem</span> <span class='ocrx_word' id='word_1_112' title='bbox 964 1735 1069 1793; x_wconf 89' lang='lat' dir='ltr'>aetate</span> <span class='ocrx_word' id='word_1_113' title='bbox 1098 1729 1337 1794; x_wconf 90' lang='lat' dir='ltr'>Pharasmanen</span> 
     </span>
     <span class='ocr_line' id='line_1_17' title="bbox 298 1832 1337 1917; baseline -0.002 -20"><span class='ocrx_word' id='word_1_114' title='bbox 298 1839 329 1897; x_wconf 91' lang='lat' dir='ltr'>et</span> <span class='ocrx_word' id='word_1_115' title='bbox 357 1840 462 1898; x_wconf 91' lang='lat' dir='ltr'>cetera</span> <span class='ocrx_word' id='word_1_116' title='bbox 488 1832 757 1898; x_wconf 89' lang='lat' dir='ltr'>necessitudinum</span> <span class='ocrx_word' id='word_1_117' title='bbox 787 1833 917 1898; x_wconf 87' lang='lat' dir='ltr'>nomina</span> <span class='ocrx_word' id='word_1_118' title='bbox 943 1833 1093 1917; x_wconf 86' lang='lat' dir='ltr'>referens,</span> <span class='ocrx_word' id='word_1_119' title='bbox 1125 1835 1209 1914; x_wconf 90' lang='lat' dir='ltr'>quod</span> <span class='ocrx_word' id='word_1_120' title='bbox 1238 1832 1337 1896; x_wconf 90' lang='lat' dir='ltr'>filiam</span> 
     </span>
     <span class='ocr_line' id='line_1_18' title="bbox 295 1936 1338 2022; baseline -0.003 -20"><span class='ocrx_word' id='word_1_121' title='bbox 295 1936 364 2002; x_wconf 90' lang='lat' dir='ltr'>eius</span> <span class='ocrx_word' id='word_1_122' title='bbox 385 1937 418 2000; x_wconf 91' lang='lat' dir='ltr'>in</span> <span class='ocrx_word' id='word_1_123' title='bbox 441 1936 640 2001; x_wconf 89' lang='lat' dir='ltr'>matrimonio</span> <span class='ocrx_word' id='word_1_124' title='bbox 663 1937 805 2022; x_wconf 87' lang='lat' dir='ltr'>haberet,</span> <span class='ocrx_word' id='word_1_125' title='bbox 834 1937 918 2021; x_wconf 91' lang='lat' dir='ltr'>quod</span> <span class='ocrx_word' id='word_1_126' title='bbox 941 1938 1010 2021; x_wconf 90' lang='lat' dir='ltr'>ipse</span> <span class='ocrx_word' id='word_1_127' title='bbox 1040 1936 1225 2002; x_wconf 86' lang='lat' dir='ltr'>Radamisto</span> <span class='ocrx_word' id='word_1_128' title='bbox 1248 1956 1338 2001; x_wconf 90' lang='lat' dir='ltr'>socer</span> 
     </span>
     <span class='ocr_line' id='line_1_19' title="bbox 294 2041 1338 2125; baseline -0.002 -19"><span class='ocrx_word' id='word_1_129' title='bbox 294 2048 392 2107; x_wconf 88' lang='lat' dir='ltr'>esset:</span> <span class='ocrx_word' id='word_1_130' title='bbox 421 2061 484 2105; x_wconf 93' lang='lat' dir='ltr'>non</span> <span class='ocrx_word' id='word_1_131' title='bbox 512 2041 652 2105; x_wconf 90' lang='lat' dir='ltr'>abnuere</span> <span class='ocrx_word' id='word_1_132' title='bbox 679 2061 792 2125; x_wconf 91' lang='lat' dir='ltr'>pacem</span> <span class='ocrx_word' id='word_1_133' title='bbox 815 2042 958 2125; x_wconf 90' lang='lat' dir='ltr'>Hiberos,</span> <span class='ocrx_word' id='word_1_134' title='bbox 987 2061 1179 2125; x_wconf 87' lang='lat' dir='ltr'>quamquam</span> <span class='ocrx_word' id='word_1_135' title='bbox 1205 2042 1239 2106; x_wconf 93' lang='lat' dir='ltr'>in</span> <span class='ocrx_word' id='word_1_136' title='bbox 1262 2048 1338 2105; x_wconf 90' lang='lat' dir='ltr'>tem-</span> 
     </span>
     <span class='ocr_line' id='line_1_20' title="bbox 294 2145 1335 2231; baseline -0.003 -20"><span class='ocrx_word' id='word_1_137' title='bbox 294 2166 370 2231; x_wconf 93' lang='lat' dir='ltr'>pore</span> <span class='ocrx_word' id='word_1_138' title='bbox 385 2147 567 2229; x_wconf 73' lang='lat' dir='ltr'>validiores,</span> <span class='ocrx_word' id='word_1_139' title='bbox 593 2152 623 2210; x_wconf 89' lang='lat' dir='ltr'>et</span> <span class='ocrx_word' id='word_1_140' title='bbox 645 2147 721 2211; x_wconf 90' lang='lat' dir='ltr'>satis</span> <span class='ocrx_word' id='word_1_141' title='bbox 744 2147 904 2228; x_wconf 81' lang='lat' dir='ltr'>cognitam</span> <span class='ocrx_word' id='word_1_142' title='bbox 919 2146 1139 2211; x_wconf 89' lang='lat' dir='ltr'>Armeniorum</span> <span class='ocrx_word' id='word_1_143' title='bbox 1161 2145 1335 2231; x_wconf 88' lang='lat' dir='ltr'>perfidiam,</span> 
     </span>
     <span class='ocr_line' id='line_1_21' title="bbox 295 2251 1335 2332; baseline -0.003 -17"><span class='ocrx_word' id='word_1_144' title='bbox 295 2271 355 2315; x_wconf 88' lang='lat' dir='ltr'>nec</span> <span class='ocrx_word' id='word_1_145' title='bbox 381 2251 468 2315; x_wconf 90' lang='lat' dir='ltr'>aliud</span> <span class='ocrx_word' id='word_1_146' title='bbox 495 2251 629 2316; x_wconf 90' lang='lat' dir='ltr'>subsidii</span> <span class='ocrx_word' id='word_1_147' title='bbox 656 2270 752 2332; x_wconf 88' lang='lat' dir='ltr'>quam</span> <span class='ocrx_word' id='word_1_148' title='bbox 780 2251 944 2316; x_wconf 89' lang='lat' dir='ltr'>castellum</span> <span class='ocrx_word' id='word_1_149' title='bbox 975 2257 1153 2315; x_wconf 88' lang='lat' dir='ltr'>commeatu</span> <span class='ocrx_word' id='word_1_150' title='bbox 1185 2270 1335 2332; x_wconf 84' lang='lat' dir='ltr'>egenum:</span> 
     </span>
     <span class='ocr_line' id='line_1_22' title="bbox 295 2354 1338 2446; baseline -0.002 -27"><span class='ocrx_word' id='word_1_151' title='bbox 295 2377 336 2421; x_wconf 92' lang='lat' dir='ltr'>ne</span> <span class='ocrx_word' id='word_1_152' title='bbox 370 2355 468 2420; x_wconf 92' lang='lat' dir='ltr'>dubia</span> <span class='ocrx_word' id='word_1_153' title='bbox 500 2362 625 2420; x_wconf 88' lang='lat' dir='ltr'>tentare</span> <span class='ocrx_word' id='word_1_154' title='bbox 660 2355 757 2419; x_wconf 89' lang='lat' dir='ltr'>armis</span> <span class='ocrx_word' id='word_1_155' title='bbox 794 2376 888 2439; x_wconf 87' lang='lat' dir='ltr'>quam</span> <span class='ocrx_word' id='word_1_156' title='bbox 922 2355 1104 2446; x_wconf 87' lang='lat' dir='ltr'>incruentas</span> <span class='ocrx_word' id='word_1_157' title='bbox 1138 2354 1338 2419; x_wconf 86' lang='lat' dir='ltr'>condiciones</span> 
     </span>
     <span class='ocr_line' id='line_1_23' title="bbox 295 2457 1338 2543; baseline -0.003 -19"><span class='ocrx_word' id='word_1_158' title='bbox 295 2460 413 2524; x_wconf 86' lang='lat' dir='ltr'>mallet.</span> <span class='ocrx_word' id='word_1_159' title='bbox 438 2465 605 2524; x_wconf 86' lang='lat' dir='ltr'>cunctante</span> <span class='ocrx_word' id='word_1_160' title='bbox 627 2459 669 2524; x_wconf 93' lang='lat' dir='ltr'>ad</span> <span class='ocrx_word' id='word_1_161' title='bbox 692 2480 731 2524; x_wconf 88' lang='lat' dir='ltr'>ea</span> <span class='ocrx_word' id='word_1_162' title='bbox 750 2459 932 2524; x_wconf 90' lang='lat' dir='ltr'>Mithridate</span> <span class='ocrx_word' id='word_1_163' title='bbox 955 2467 987 2523; x_wconf 89' lang='lat' dir='ltr'>et</span> <span class='ocrx_word' id='word_1_164' title='bbox 1008 2458 1162 2543; x_wconf 88' lang='lat' dir='ltr'>suspectis</span> <span class='ocrx_word' id='word_1_165' title='bbox 1184 2457 1338 2543; x_wconf 87' lang='lat' dir='ltr'>praefecti</span> 
     </span>
     <span class='ocr_line' id='line_1_24' title="bbox 295 2558 1354 2649; baseline -0.003 -21"><span class='ocrx_word' id='word_1_166' title='bbox 295 2565 442 2648; x_wconf 89' lang='lat' dir='ltr'>consiliis,</span> <span class='ocrx_word' id='word_1_167' title='bbox 475 2563 559 2647; x_wconf 91' lang='lat' dir='ltr'>quod</span> <span class='ocrx_word' id='word_1_168' title='bbox 586 2566 740 2648; x_wconf 89' lang='lat' dir='ltr'>paeheem</span> <span class='ocrx_word' id='word_1_169' title='bbox 768 2566 888 2648; x_wconf 84' lang='lat' dir='ltr'>regiam</span> <span class='ocrx_word' id='word_1_170' title='bbox 915 2558 1070 2649; x_wconf 86' lang='lat' dir='ltr'>polluerat</span> <span class='ocrx_word' id='word_1_171' title='bbox 1092 2564 1189 2647; x_wconf 90' lang='lat' dir='ltr'>inque</span> <span class='ocrx_word' id='word_1_172' title='bbox 1212 2583 1354 2639; x_wconf 90' lang='lat' dir='ltr'>omnem</span> 
     </span>
     <span class='ocr_line' id='line_1_25' title="bbox 295 2666 1339 2753; baseline -0.002 -21"><span class='ocrx_word' id='word_1_173' title='bbox 295 2667 460 2732; x_wconf 90' lang='lat' dir='ltr'>libidinem</span> <span class='ocrx_word' id='word_1_174' title='bbox 483 2668 604 2733; x_wconf 90' lang='lat' dir='ltr'>venalis</span> <span class='ocrx_word' id='word_1_175' title='bbox 630 2669 816 2753; x_wconf 86' lang='lat' dir='ltr'>habebatur,</span> <span class='ocrx_word' id='word_1_176' title='bbox 845 2669 1013 2752; x_wconf 78' lang='lat' dir='ltr'>Casperius</span> <span class='ocrx_word' id='word_1_177' title='bbox 1040 2668 1167 2732; x_wconf 88' lang='lat' dir='ltr'>interim</span> <span class='ocrx_word' id='word_1_178' title='bbox 1195 2666 1237 2731; x_wconf 88' lang='lat' dir='ltr'>ad</span> <span class='ocrx_word' id='word_1_179' title='bbox 1259 2667 1339 2731; x_wconf 92' lang='lat' dir='ltr'>Pha·</span> 
     </span>
     <span class='ocr_line' id='line_1_26' title="bbox 295 2771 1339 2857; baseline -0.002 -22"><span class='ocrx_word' id='word_1_180' title='bbox 295 2792 464 2837; x_wconf 87' lang='lat' dir='ltr'>rasmanen</span> <span class='ocrx_word' id='word_1_181' title='bbox 493 2772 647 2857; x_wconf 87' lang='lat' dir='ltr'>pervadit,</span> <span class='ocrx_word' id='word_1_182' title='bbox 679 2781 778 2855; x_wconf 90' lang='lat' dir='ltr'>utque</span> <span class='ocrx_word' id='word_1_183' title='bbox 808 2773 919 2837; x_wconf 88' lang='lat' dir='ltr'>Hiberi</span> <span class='ocrx_word' id='word_1_184' title='bbox 948 2772 1070 2837; x_wconf 91' lang='lat' dir='ltr'>obsidio</span> <span class='ocrx_word' id='word_1_185' title='bbox 1100 2771 1258 2836; x_wconf 88' lang='lat' dir='ltr'>decedant</span> <span class='ocrx_word' id='word_1_186' title='bbox 1286 2790 1339 2834; x_wconf 83' lang='lat' dir='ltr'>ex·</span> 
     </span>
     <span class='ocr_line' id='line_1_27' title="bbox 295 2875 1339 2961; baseline -0.004 -20"><span class='ocrx_word' id='word_1_187' title='bbox 295 2877 443 2960; x_wconf 88' lang='lat' dir='ltr'>postulat.</span> <span class='ocrx_word' id='word_1_188' title='bbox 481 2876 534 2939; x_wconf 90' lang='lat' dir='ltr'>ille</span> <span class='ocrx_word' id='word_1_189' title='bbox 561 2877 724 2961; x_wconf 88' lang='lat' dir='ltr'>propalam</span> <span class='ocrx_word' id='word_1_190' title='bbox 750 2876 872 2947; x_wconf 88' lang='lat' dir='ltr'>incerta</span> <span class='ocrx_word' id='word_1_191' title='bbox 900 2883 932 2940; x_wconf 90' lang='lat' dir='ltr'>et</span> <span class='ocrx_word' id='word_1_192' title='bbox 958 2876 1084 2959; x_wconf 87' lang='lat' dir='ltr'>saepius</span> <span class='ocrx_word' id='word_1_193' title='bbox 1118 2875 1260 2939; x_wconf 90' lang='lat' dir='ltr'>molliora</span> <span class='ocrx_word' id='word_1_194' title='bbox 1293 2894 1339 2938; x_wconf 91' lang='lat' dir='ltr'>re-</span> 
     </span>
     <span class='ocr_line' id='line_1_28' title="bbox 297 2978 1339 3064; baseline -0.002 -21"><span class='ocrx_word' id='word_1_195' title='bbox 297 2978 466 3064; x_wconf 89' lang='lat' dir='ltr'>spondens,</span> <span class='ocrx_word' id='word_1_196' title='bbox 490 2980 619 3045; x_wconf 87' lang='lat' dir='ltr'>secretis</span> <span class='ocrx_word' id='word_1_197' title='bbox 649 2980 768 3045; x_wconf 91' lang='lat' dir='ltr'>nuntiis</span> <span class='ocrx_word' id='word_1_198' title='bbox 798 2987 906 3044; x_wconf 87' lang='lat' dir='ltr'>monet</span> <span class='ocrx_word' id='word_1_199' title='bbox 930 2979 1150 3044; x_wconf 88' lang='lat' dir='ltr'>Radamistum</span> <span class='ocrx_word' id='word_1_200' title='bbox 1177 2978 1339 3062; x_wconf 85' lang='lat' dir='ltr'>obpugna-</span> 
     </span>
     <span class='ocr_line' id='line_1_29' title="bbox 296 3076 1461 3166; baseline -0.001 -20"><span class='ocrx_word' id='word_1_201' title='bbox 296 3083 414 3147; x_wconf 90' lang='lat' dir='ltr'>tionem</span> <span class='ocrx_word' id='word_1_202' title='bbox 442 3103 566 3166; x_wconf 89' lang='lat' dir='ltr'>quoquo</span> <span class='ocrx_word' id='word_1_203' title='bbox 593 3084 687 3149; x_wconf 92' lang='lat' dir='ltr'>modo</span> <span class='ocrx_word' id='word_1_204' title='bbox 715 3085 863 3149; x_wconf 87' lang='lat' dir='ltr'>celerare.</span> <span class='ocrx_word' id='word_1_205' title='bbox 903 3089 1038 3166; x_wconf 83' lang='lat' dir='ltr'>augetur</span> <span class='ocrx_word' id='word_1_206' title='bbox 1064 3082 1176 3165; x_wconf 85' lang='lat' dir='ltr'>flagitii</span> <span class='ocrx_word' id='word_1_207' title='bbox 1206 3102 1338 3166; x_wconf 89' lang='lat' dir='ltr'>merces,</span> <span class='ocrx_word' id='word_1_208' title='bbox 1456 3076 1461 3087; x_wconf 78' lang='grc'>’</span> 
     </span>
     <span class='ocr_line' id='line_1_30' title="bbox 297 3187 1339 3273; baseline -0.001 -23"><span class='ocrx_word' id='word_1_209' title='bbox 297 3193 329 3250; x_wconf 89' lang='lat' dir='ltr'>et</span> <span class='ocrx_word' id='word_1_210' title='bbox 355 3187 454 3251; x_wconf 94' lang='lat' dir='ltr'>Pollio</span> <span class='ocrx_word' id='word_1_211' title='bbox 483 3188 606 3252; x_wconf 88' lang='lat' dir='ltr'>occulta</span> <span class='ocrx_word' id='word_1_212' title='bbox 633 3188 830 3273; x_wconf 89' lang='lat' dir='ltr'>corruptione</span> <span class='ocrx_word' id='word_1_213' title='bbox 857 3188 981 3271; x_wconf 88' lang='lat' dir='ltr'>inpellit</span> <span class='ocrx_word' id='word_1_214' title='bbox 1007 3187 1132 3270; x_wconf 90' lang='lat' dir='ltr'>milites,</span> <span class='ocrx_word' id='word_1_215' title='bbox 1162 3192 1198 3250; x_wconf 94' lang='lat' dir='ltr'>ut</span> <span class='ocrx_word' id='word_1_216' title='bbox 1225 3205 1339 3270; x_wconf 88' lang='lat' dir='ltr'>pacem</span> 
     </span>
     <span class='ocr_line' id='line_1_31' title="bbox 297 3284 1339 3376; baseline 0 -22"><span class='ocrx_word' id='word_1_217' title='bbox 297 3288 478 3373; x_wconf 84' lang='lat' dir='ltr'>flagitarent</span> <span class='ocrx_word' id='word_1_218' title='bbox 519 3312 616 3375; x_wconf 91' lang='lat' dir='ltr'>seque</span> <span class='ocrx_word' id='word_1_219' title='bbox 658 3284 852 3376; x_wconf 83' lang='lat' dir='ltr'>praesidium</span> <span class='ocrx_word' id='word_1_220' title='bbox 894 3291 1063 3357; x_wconf 91' lang='lat' dir='ltr'>omissuros</span> <span class='ocrx_word' id='word_1_221' title='bbox 1108 3290 1339 3355; x_wconf 89' lang='lat' dir='ltr'>minitarentur.</span> 
     </span>
     <span class='ocr_line' id='line_1_32' title="bbox 300 3394 1340 3478; baseline 0.001 -21"><span class='ocrx_word' id='word_1_222' title='bbox 300 3414 362 3477; x_wconf 91' lang='lat' dir='ltr'>qua</span> <span class='ocrx_word' id='word_1_223' title='bbox 389 3396 576 3461; x_wconf 88' lang='lat' dir='ltr'>necessitate</span> <span class='ocrx_word' id='word_1_224' title='bbox 606 3395 807 3460; x_wconf 88' lang='lat' dir='ltr'>Mithridates</span> <span class='ocrx_word' id='word_1_225' title='bbox 837 3395 921 3460; x_wconf 90' lang='lat' dir='ltr'>diem</span> <span class='ocrx_word' id='word_1_226' title='bbox 951 3396 1118 3478; x_wconf 89' lang='lat' dir='ltr'>locumque</span> <span class='ocrx_word' id='word_1_227' title='bbox 1144 3394 1265 3459; x_wconf 83' lang='lat' dir='ltr'>foederi</span> <span class='ocrx_word' id='word_1_228' title='bbox 1290 3414 1340 3458; x_wconf 90' lang='lat' dir='ltr'>ac·</span> 
     </span>
     <span class='ocr_line' id='line_1_33' title="bbox 300 3497 788 3584; baseline 0.006 -22"><span class='ocrx_word' id='word_1_229' title='bbox 300 3497 383 3581; x_wconf 87' lang='lat' dir='ltr'>cepit</span> <span class='ocrx_word' id='word_1_230' title='bbox 406 3501 597 3583; x_wconf 87' lang='lat' dir='ltr'>castelloque</span> <span class='ocrx_word' id='word_1_231' title='bbox 620 3500 788 3584; x_wconf 84' lang='lat' dir='ltr'>egreditur.</span> 
     </span>
    </p>

    <p class='ocr_par' dir='ltr' id='par_1_5' title="bbox 132 3600 1342 3791">
     <span class='ocr_line' id='line_1_34' title="bbox 163 3600 1342 3689; baseline 0.004 -28"><span class='ocrx_word' id='word_1_232' title='bbox 163 3618 248 3668; x_wconf 70' lang='lat' dir='ltr'>aarum</span> <span class='ocrx_word' id='word_1_233' title='bbox 404 3603 455 3668; x_wconf 79' lang='lat'>47.</span> <span class='ocrx_word' id='word_1_234' title='bbox 480 3604 527 3668; x_wconf 85' lang='lat' dir='ltr'>Ac</span> <span class='ocrx_word' id='word_1_235' title='bbox 549 3605 650 3689; x_wconf 85' lang='lat' dir='ltr'>primo</span> <span class='ocrx_word' id='word_1_236' title='bbox 666 3603 870 3669; x_wconf 86' lang='lat' dir='ltr'>Radamistus</span> <span class='ocrx_word' id='word_1_237' title='bbox 891 3603 925 3666; x_wconf 91' lang='lat' dir='ltr'>in</span> <span class='ocrx_word' id='word_1_238' title='bbox 948 3602 1113 3686; x_wconf 82' lang='lat' dir='ltr'>amplexus</span> <span class='ocrx_word' id='word_1_239' title='bbox 1135 3601 1202 3666; x_wconf 90' lang='lat' dir='ltr'>eius</span> <span class='ocrx_word' id='word_1_240' title='bbox 1222 3600 1342 3666; x_wconf 88' lang='lat' dir='ltr'>effusus</span> 
     </span>
     <span class='ocr_line' id='line_1_35' title="bbox 132 3686 1340 3791; baseline -0.002 -20"><span class='ocrx_word' id='word_1_241' title='bbox 132 3686 273 3739; x_wconf 52' lang='lat' dir='ltr'>mmm</span> <span class='ocrx_word' id='word_1_242' title='bbox 300 3705 448 3771; x_wconf 90' lang='lat' dir='ltr'>simulare</span> <span class='ocrx_word' id='word_1_243' title='bbox 481 3707 681 3791; x_wconf 87' lang='lat' dir='ltr'>obsequium,</span> <span class='ocrx_word' id='word_1_244' title='bbox 720 3726 862 3771; x_wconf 91' lang='lat' dir='ltr'>socerum</span> <span class='ocrx_word' id='word_1_245' title='bbox 896 3726 934 3770; x_wconf 91' lang='lat' dir='ltr'>ac</span> <span class='ocrx_word' id='word_1_246' title='bbox 966 3690 1130 3789; x_wconf 76' lang='lat' dir='ltr'>parentem</span> <span class='ocrx_word' id='word_1_247' title='bbox 1165 3705 1340 3790; x_wconf 74' lang='lat' dir='ltr'>appellare,</span> 
     </span>
    </p>
   </div>
   <div class='ocr_carea' id='block_1_3' title="bbox 167 3754 1342 3894">
    <p class='ocr_par' dir='ltr' id='par_1_6' title="bbox 167 3754 1342 3894">
     <span class='ocr_line' id='line_1_36' title="bbox 167 3754 1342 3894; baseline 0.003 -26"><span class='ocrx_word' id='word_1_248' title='bbox 167 3754 245 3871; x_wconf 45' lang='lat' dir='ltr'>hidda</span> <span class='ocrx_word' id='word_1_249' title='bbox 301 3810 397 3875; x_wconf 87' lang='lat' dir='ltr'>adicit</span> <span class='ocrx_word' id='word_1_250' title='bbox 419 3810 467 3875; x_wconf 91' lang='lat' dir='ltr'>ius</span> <span class='ocrx_word' id='word_1_251' title='bbox 489 3811 666 3894; x_wconf 88' lang='lat' dir='ltr'>iurandum,</span> <span class='ocrx_word' id='word_1_252' title='bbox 691 3830 756 3875; x_wconf 90' lang='lat' dir='ltr'>uon</span> <span class='ocrx_word' id='word_1_253' title='bbox 779 3809 880 3894; x_wconf 77' lang='lat' dir='ltr'>ferro,</span> <span class='ocrx_word' id='word_1_254' title='bbox 900 3830 964 3874; x_wconf 89' lang='lat' dir='ltr'>non</span> <span class='ocrx_word' id='word_1_255' title='bbox 986 3829 1111 3874; x_wconf 85' lang='lat' dir='ltr'>veneno</span> <span class='ocrx_word' id='word_1_256' title='bbox 1133 3809 1199 3874; x_wconf 84' lang='lat' dir='ltr'>vim</span> <span class='ocrx_word' id='word_1_257' title='bbox 1221 3809 1342 3874; x_wconf 92' lang='lat' dir='ltr'>adlatu-</span> 
     </span>
    </p>
   </div>
   <div class='ocr_carea' id='block_1_4' title="bbox 0 0 1499 4275">
    <p class='ocr_par' dir='ltr' id='par_1_7' title="bbox 0 0 1499 4275">
     <span class='ocr_line' id='line_1_37' title="bbox 0 0 1499 4275; baseline 0 0"><span class='ocrx_word' id='word_1_258' title='bbox 0 0 1499 4275; x_wconf 95' lang='lat' dir='ltr'> </span> 
     </span>
    </p>
   </div>
  </div>
 </body>
</html>
