2984 4275
481 191 506 228 a.
520 174 552 230 U.
566 190 588 228 c.
601 177 661 231 818.
685 190 711 242 p.
725 173 788 228 Chr.
802 176 843 229 65.
1123 157 1183 220 149

143 350 217 432 quia
239 349 390 414 Vestinus
413 348 616 412 imminentes
639 347 706 412 soro
729 347 825 412 aedes
852 347 1028 429 decoraque
1056 347 1184 411 servitia

143 460 175 517 et
201 454 270 537 pari
299 459 405 516 aetate
435 450 585 515 habebat.
624 458 738 515 cuncta
765 470 803 515 eo
831 449 883 514 die
910 451 1018 514 munia
1048 452 1184 516 consulis

142 557 330 639 impleverat
360 557 602 636 conviviumque
634 554 826 638 celebrabat,
861 554 940 617 nihil
969 561 1112 618 metuens
1142 574 1184 617 an

142 661 371 726 dissimulando
402 666 498 742 metu,
529 680 601 724 cum
631 660 765 742 ingressi
795 659 910 723 milites
933 659 1039 723 vocari
1069 678 1184 722 cuma

144 765 271 829 tribuno
294 764 412 829 dixere.
458 764 511 828 ille
534 764 613 828 nihil
636 764 818 828 demoratus
841 764 992 846 exsurgit,
1024 769 1057 826 et
1078 763 1185 826 omnia

143 868 236 932 simul
265 875 489 952 properantur:
520 869 679 933 clauditur
705 867 860 951 cubiculo,
891 873 1017 950 praesto
1047 873 1096 932 est
1123 887 1184 931 me-

143 971 241 1055 dicus,
264 971 493 1036 abscinduntur
509 982 623 1053 venae,
645 971 757 1054 vigens
779 972 884 1035 adhuc
906 971 1022 1035 balneo
1040 969 1184 1052 infertur,

142 1075 247 1139 calida
269 1094 353 1156 aqua
376 1083 541 1159 mersatur,
565 1076 653 1139 nulla
675 1075 762 1140 edita
777 1095 865 1159 voce,
890 1095 953 1156 qua
974 1081 1076 1139 semet
1095 1074 1185 1138 mise-

143 1185 274 1245 raretur.
306 1178 493 1244 circumdati
514 1181 642 1244 interim
665 1179 808 1244 custodia
831 1180 886 1259 qui
907 1178 1000 1244 simul
1022 1178 1185 1243 discubue-

142 1290 214 1346 rant
237 1303 296 1347 nec
319 1283 379 1348 nisi
406 1290 557 1366 provecta
579 1289 672 1348 nocte
696 1283 805 1347 omissi
827 1289 910 1364 sunt,
942 1289 1110 1366 postquam
1133 1302 1185 1364 pa-

143 1407 251 1451 vorem
274 1406 393 1469 eorum,
417 1407 458 1451 ex
483 1407 593 1452 mensa
617 1388 748 1450 exitium
768 1387 1007 1469 opperientium,
1031 1391 1063 1449 et
1077 1386 1186 1466 imagi·

143 1498 237 1575 natus
260 1498 292 1555 et
314 1491 456 1556 inridens
477 1491 562 1556 Nero
585 1491 660 1555 satis
676 1490 821 1574 supplicii
843 1490 938 1555 luisse
953 1491 998 1553 ait
1014 1509 1070 1572 pro
1086 1489 1186 1572 epulis

143 1595 368 1659 consularibus

248 1698 300 1764 70.
331 1700 425 1763 Exim
448 1699 573 1763 Annaei
595 1698 717 1763 Lucani
739 1698 870 1762 caedem
893 1697 1037 1780 imperat.
1068 1697 1095 1761 is
1119 1715 1186 1779 pro·
1217 1710 1346 1762 catomum

142 1801 259 1866 fluente
281 1803 437 1884 sanguine
460 1802 515 1867 ubi
538 1802 707 1885 frigescere
733 1801 832 1885 pedes
860 1821 1035 1882 manusque
1058 1806 1089 1865 et
1111 1820 1185 1883 pau·
1230 1780 1337 1902 {¹¹32}ssss

143 1906 234 1971 latim
256 1907 297 1971 ab
314 1908 463 1971 extremis
486 1907 602 1971 cedere
622 1908 767 1990 spiritum
789 1905 911 1970 fervido
934 1904 1040 1969 adhuc
1056 1910 1087 1968 et
1103 1925 1184 1969 com·
1210 1918 1350 1964 curacura

141 2017 215 2093 pote
242 2011 358 2075 mentis
388 2019 516 2094 pectore
543 2011 710 2094 intellegit,
742 2009 925 2075 recordatus
952 2030 1081 2074 carmen
1108 2029 1129 2072 a
1151 2028 1185 2072 se
1220 1991 1339 2102 Εῑᾶζῗέηρ,

141 2115 361 2199 compositum,
380 2135 441 2197 quo
458 2116 658 2181 vulneratum
675 2115 804 2180 militem
820 2134 878 2197 per
894 2113 961 2178 eius
977 2112 1060 2178 modi
1076 2113 1185 2177 mortis

142 2219 316 2302 imaginem
338 2220 442 2284 obisse
463 2220 647 2303 tradiderat,
676 2238 787 2284 versus
814 2218 897 2301 ipsos
923 2217 1052 2300 rettulit,
1083 2236 1184 2296 eaque

141 2323 186 2387 illi
209 2343 358 2405 suprema
380 2344 442 2389 vox
466 2324 534 2388 fuit.
574 2323 706 2388 Senecio
729 2324 862 2406 posthac
884 2329 915 2386 et
939 2321 1128 2397 Quintianus
1152 2327 1184 2384 et

143 2426 318 2491 Scaevinus
340 2448 404 2492 non
420 2447 461 2491 ex
477 2428 578 2511 priore
593 2428 678 2492 vitae
693 2427 838 2509 mollitia,
862 2446 935 2489 mox
951 2424 1065 2505 reliqui
1080 2423 1183 2487 coniu-

142 2536 284 2594 ratorum
306 2532 437 2614 periere,
461 2532 549 2595 nullo
571 2531 656 2596 facto
679 2530 805 2594 dictove
828 2528 1044 2593 memorando.

248 2633 298 2698 11.
338 2634 401 2699 Sed
429 2635 579 2719 compleri
606 2635 733 2700 interim
756 2634 832 2698 urbs
863 2632 1036 2716 funeribus,
1060 2630 1182 2714 Capito·
1213 2646 1346 2699 caccabate

141 2737 217 2801 lium
241 2738 394 2821 victimis,
422 2739 504 2803 alius
526 2738 600 2821 filio,
628 2739 725 2804 fratre
748 2740 829 2803 alius
851 2745 906 2801 aut
930 2737 1105 2821 propinquo
1127 2742 1183 2800 aut
1226 2717 1328 2830 ,J‘ffi

139 2841 242 2905 amico
264 2841 446 2927 interfectis,
470 2862 565 2924 agere
585 2850 691 2925 grates
707 2843 787 2926 deis,
809 2863 921 2906 ornare
936 2842 1028 2906 lauru
1044 2841 1180 2925 domum,
1213 2854 1342 2908 carnuntum

140 2964 247 3025 genua
270 2944 368 3027 ipsius
389 2947 518 3011 advolvi
541 2953 572 3010 et
594 2948 739 3011 dextram
769 2947 883 3012 osculis
905 2946 1050 3028 fatigare.
1084 2952 1182 3027 atque
1201 2925 1356 3046 ζ’ζιῖβᾟξξζ

140 3047 193 3111 ille
215 3047 367 3130 gaudium
390 3050 423 3113 id
447 3050 580 3115 credens
602 3050 733 3114 Antonii
756 3051 880 3114 Natalis
903 3055 935 3114 et
948 3050 1089 3114 Cervarii
1109 3051 1181 3113 Pro·
1242 3064 1315 3107 aare

141 3152 203 3215 culi
234 3152 384 3217 festinata
412 3154 530 3218 indicia
559 3155 737 3238 inpunitate
764 3160 991 3219 remuneratur.
1037 3134 1348 3246 Μ111α11111’Ῑζξζξξῗῗη

140 3257 290 3337 praemiis
318 3257 434 3322 ditatus
462 3257 690 3323 conservatoris
721 3258 782 3322 sibi
808 3278 934 3342 nomen,
966 3258 1088 3322 Graeco
1115 3257 1182 3320 eius
1208 3272 1347 3323 cananum.

140 3359 186 3421 rei
215 3360 381 3443 vocabulo,
416 3361 603 3445 adsumpsit.
649 3382 667 3426 e
701 3361 836 3426 tribunis
869 3360 989 3425 Gavius
1023 3361 1180 3441 Silvanus,

140 3463 286 3541 quamvis
309 3464 479 3547 absolutus,
512 3485 570 3529 sua
592 3485 689 3529 manu
713 3466 840 3550 cecidit,
864 3464 984 3529 Statius
1006 3464 1182 3529 Proxumus

140 3565 277 3647 veniam,
310 3587 406 3648 quam
433 3568 475 3632 ab
497 3570 686 3652 imperatore
708 3575 886 3652 acceperat,
914 3568 1054 3632 vanitate
1077 3567 1182 3632 exitus

141 3670 287 3753 corrupit.
334 3672 423 3736 exuti
450 3672 566 3737 dehinc
593 3673 785 3738 tribunatu..
810 3673 988 3755 Pompeius
1020 3670 1181 3735 Cornelius

141 3770 303 3856 Martialis,
327 3775 456 3840 Flavius
477 3777 595 3860 Nepos,
624 3776 743 3841 Statius
766 3776 932 3855 Domitius,
958 3775 1048 3856 quasi
1070 3773 1181 3857 princi-

140 3898 212 3962 pem
241 3902 305 3946 non
337 3881 464 3962 quidem
499 3883 649 3965 odissent,
685 3880 741 3946 scd
775 3886 884 3943 tamen
914 3879 1179 3943 existimarentur.
