2984 4275
331 157 335 161 “
425 169 652 237 ansanus
682 186 710 238 p.
723 169 786 224 crr.
799 172 870 237 erra.
1108 154 1170 218 105

133 344 244 409 sidium
266 365 334 408 rem
357 342 527 425 publicam.
551 342 738 424 rogantibus
761 342 886 427 dehine,
909 344 943 407 irr
966 362 1028 426 quo
1049 343 1171 426 potissi-

136 468 228 531 mum,
261 446 429 512 addiderat
455 447 489 511 in
515 447 664 512 Memmio
691 447 823 529 Regulo.
861 446 941 511 vixit
967 452 1074 510 tamen
1100 452 1170 530 post

135 552 211 616 haec
233 550 384 633 Regulus,
407 551 514 631 quiete
536 549 687 614 defensus
703 555 735 614 et
750 550 824 631 quia
846 570 930 614 nova
944 549 1070 632 generis
1085 549 1170 613 elari-

135 655 241 720 tudine
263 674 367 735 neque
389 653 552 720 invidiosis
573 653 685 738 opibus
708 660 785 718 erat.
811 653 1012 736 gymnasium
1034 672 1071 717 eo
1086 672 1170 717 anno
1243 689 1246 694 ·

136 758 314 824 dedicatum
338 777 359 821 a
384 758 512 822 Nerone
538 756 780 839 praebitumque
808 757 912 821 oleum
940 756 1038 838 equiti
1063 775 1102 820 ae
1125 775 1170 821 se·

133 862 219 927 natui
240 860 363 926 Graeca
385 860 546 925 facilitate.

232 1068 286 1133 48.
309 1069 344 1133 Ρ.
361 1068 460 1133 llario
483 1069 518 1133 L.
535 1067 639 1132 Afinio
663 1069 842 1134 consulibus
856 1068 1011 1133 Antistius
1033 1074 1166 1151 praetor,
1204 1081 1326 1135 nnana

132 1191 225 1253 quem
247 1172 281 1236 in
303 1171 466 1236 tribunatu
487 1171 589 1255 plebis
612 1172 743 1237 licenter
765 1173 868 1255 egisse
891 1171 1073 1255 memoravi,
1101 1191 1167 1254 pro·
1200 1151 1334 1273 ξζξξξίζξ

130 1276 222 1340 brusa
245 1275 397 1340 adversus
419 1275 593 1359 principem
616 1276 757 1340 carmina
783 1275 940 1340 factitavit
962 1275 1168 1357 vulgavitque
1211 1290 1319 1344 artelea

132 1379 248 1445 celebri
270 1379 424 1463 convivio,
449 1379 525 1444 dum
547 1379 635 1462 apud
650 1379 808 1445 Ostorium
823 1378 991 1463 Scapulam
1014 1379 1167 1464 epulatur.
1216 1362 1313 1416 lm*

132 1484 214 1547 exim
244 1504 265 1547 a
291 1482 475 1548 Cossutiano
502 1482 668 1567 Capitone,
699 1484 754 1565 qui
783 1503 887 1567 nuper
908 1484 1100 1548 senatorium
1123 1503 1169 1547 or-

130 1586 237 1651 dinem
259 1585 405 1670 precibus
427 1586 578 1669 Tigellini
605 1587 703 1651 soceri
726 1588 776 1652 sui
797 1593 968 1671 receperat,
995 1586 1170 1652 maiestatis

21 1728 22 1731 =
130 1690 253 1755 delatus
276 1696 332 1755 est.
356 1697 424 1754 tum
443 1690 580 1774 primum
603 1698 752 1756 revocata
774 1693 897 1774 calex,
921 1691 1170 1772 credebaturque

129 1792 216 1857 haud
239 1793 371 1877 perinde
393 1794 525 1858 exitium
548 1794 683 1859 Antistio
706 1814 803 1876 quam
829 1795 1010 1878 imperatori
1035 1794 1170 1878 gloriam

130 1898 249 1979 quaeri,
273 1902 308 1961 ut
323 1897 569 1962 condemnatum
584 1919 605 1962 a
620 1908 735 1963 senatu
757 1899 979 1964 intercessione
1001 1898 1171 1963 tribunicia

130 2001 222 2064 morti
245 2001 407 2066 eximeret.
431 2008 550 2065 etcum
566 2000 709 2066 Ostorius
732 2002 812 2067 nihil
833 2002 992 2067 audivisse
1014 2022 1070 2085 pro
1085 2002 1170 2066 testi·
1229 2045 1233 2050 -

129 2105 236 2169 monio
266 2103 407 2189 dixisset,
442 2104 584 2171 adversis
615 2106 750 2172 testibus
785 2105 950 2190 ereditum;
986 2106 1170 2187 censuitque

129 2208 240 2274 Iunius
262 2208 414 2273 Marullus
436 2210 545 2274 consul
567 2211 752 2293 designatus
778 2210 981 2276 adimendam
1007 2229 1060 2274 reo
1083 2229 1170 2292 prae-

128 2318 235 2377 turam
265 2312 506 2395 necandumque
540 2333 626 2379 more
660 2315 823 2379 maiorum.
870 2314 982 2380 ceteris
1011 2313 1087 2378 inde
1116 2312 1169 2377 ad·

127 2415 350 2500 sentientibus,
372 2417 489 2482 Paetus
503 2417 653 2501 Thrasea,
677 2421 777 2485 multo
800 2438 872 2483 cum
894 2419 1012 2484 honore
1027 2417 1170 2482 Caesaris

125 2526 160 2584 et
182 2519 336 2585 acerrime
358 2520 511 2603 increpito
534 2521 681 2606 Antistio,
705 2543 769 2588 non
785 2521 939 2603 quidquid
961 2541 1080 2586 nocens
1099 2539 1171 2586 reus

126 2625 197 2709 pati
224 2630 404 2708 mereretur,
431 2624 465 2689 id
493 2626 622 2708 egregio
651 2627 709 2692 sub
733 2627 875 2710 principe
903 2633 934 2691 et
953 2626 1044 2690 nulla
1065 2644 1171 2689 neccs-

125 2728 224 2796 sitate
247 2728 394 2793 obstricto
422 2729 546 2794 senatui
568 2728 773 2793 statuendum
800 2728 960 2795 disseruit:
989 2729 1169 2796 eamificem

20 2825 21 2828 ’
125 2838 161 2896 et
183 2832 334 2912 laqueum
356 2831 479 2915 pridem
502 2832 631 2915 abolita,
663 2838 694 2896 ct
717 2852 787 2897 esse
810 2852 930 2916 poenas
951 2833 1076 2916 legibus
1099 2852 1170 2896 con-

20 2989 21 2994 ,
125 2935 264 3018 stitutas,
296 2934 408 3017 quibus
435 2936 503 3000 sine
529 2935 668 3001 iudicum
697 2936 831 3000 saevitia
859 2943 890 3001 et
921 2942 1099 3019 temporum
1125 2936 1169 3000 in·

125 3038 228 3103 famia
250 3037 406 3123 supplicia
428 3039 682 3106 decernerentur.
722 3039 798 3120 quin
820 3039 853 3103 in
876 3039 979 3104 insula
1001 3040 1169 3122 publicatis

125 3142 231 3224 bonis,
259 3161 322 3222 quo
347 3142 473 3226 longius
500 3148 623 3208 sontem
646 3143 746 3207 vitam
774 3143 931 3226 traxisset,
960 3164 998 3208 eo
1020 3144 1168 3226 privatim

20 3301 22 3344 ,
125 3246 323 3312 miseriorem
350 3253 381 3311 et
403 3247 548 3331 publicae
571 3246 759 3311 clementiae
786 3246 961 3311 maximum
989 3248 1169 3330 exemplum

123 3350 279 3416 futurum.

20 3579 22 3614 r
122 3566 297 3641 postquam
313 3557 536 3623 discessionem
552 3558 661 3622 consul
682 3558 879 3641 permiserat,
902 3556 1037 3642 pedibus
1052 3556 1085 3619 in
1101 3575 1168 3620 sen-

232 3454 286 3519 49.
321 3454 465 3519 Libertas
487 3454 648 3519 Thraseae
675 3454 838 3518 servitium
865 3455 997 3519 aliorum
1019 3453 1112 3536 rupit,
1136 3460 1168 3517 et
1207 3469 1270 3512 tutet
1283 3468 1323 3513 teu

1190 3537 1342 3589 Ulisstflssssim.

122 3662 263 3727 tentiam
286 3661 353 3726 eius
374 3662 450 3745 iere,
478 3663 587 3745 paucis
610 3662 762 3746 exceptis,
789 3662 823 3726 in
846 3661 958 3743 quibus
986 3659 1168 3724 adulatione

20 3843 21 3846 Ἴ
122 3766 380 3850 promptissimus
403 3765 463 3830 fuit
478 3766 516 3830 A.
532 3765 686 3849 Vitellius,
711 3766 866 3848 optimum
888 3783 1045 3845 quemque
1067 3762 1168 3845 iurgio

20 3857 21 3860 '
122 3867 288 3936 lacessens
303 3876 335 3934 et
350 3869 556 3952 respondenti
571 3868 714 3951 reticens,
729 3875 765 3932 ut
779 3867 897 3952 pavida
911 3868 1042 3950 ingenia
1056 3868 1167 3931 solent.
