2984 4275
314 130 374 194 156
528 145 578 199 Ab
597 161 714 199 excessu
732 145 765 198 D.
777 145 904 214 Augusti
923 145 993 199 XVI
1013 148 1125 200 10-14.

310 321 405 403 longo
429 319 535 384 dolore
558 325 657 401 atrox,
682 339 722 383 ex
742 338 805 398 qno
827 338 1026 402 percussores
1049 318 1153 383 Plauti
1176 319 1283 383 mariti
1306 320 1352 385 sui

310 424 451 507 viderat3
487 431 712 506 cruentamque
742 425 898 488 cervicem
929 424 997 489 eins
1027 425 1175 507 amplexa
1206 427 1353 491 servabat

311 528 498 610 sanguinem
527 535 559 592 et
583 535 687 592 vestes
709 548 881 611 respersas,
909 528 1006 593 vidua
1033 529 1152 611 inpexa
1174 529 1262 594 luctu
1285 550 1353 595 con-

311 632 400 696 tinuo
423 653 482 697 nec
503 632 574 696 ullis
593 633 763 716 alimentis,
787 632 847 698 nisi
864 652 945 714 quae
961 639 1094 698 mortem
1109 641 1265 698 arcerent.
1289 641 1354 698 tum

312 737 458 801 hortante
485 743 575 820 patre
602 737 772 819 Neapolim
799 736 912 820 pergit.
952 742 984 802 et
1006 737 1081 818 quia
1108 737 1197 802 aditu
1219 739 1354 802 Neronis

311 840 546 924 prohibebatur,
579 860 727 922 egressus
750 841 908 925 obsidens,
940 840 1064 905 audiret
1090 842 1249 906 insontem
1273 863 1354 907 neve

311 946 493 1009 consulatus
520 946 568 1009 sui
592 946 752 1025 quondam
776 946 931 1028 collegam
954 945 1086 1010 dederet
1108 945 1232 1030 liberto,
1262 948 1354 1011 modo

310 1049 456 1113 muliebri
479 1049 606 1131 eiulatu,
638 1048 809 1130 aliquando
836 1068 948 1113 sexum
976 1068 1105 1130 egressa
1126 1069 1205 1114 voce
1228 1050 1354 1115 infensa

311 1154 505 1235 clamitabat,
529 1152 631 1216 donec
654 1153 801 1236 princeps
823 1153 1008 1218 inmobilem
1032 1173 1067 1218 se
1089 1153 1237 1236 precibus
1262 1162 1295 1218 et
1310 1154 1353 1217 in-

309 1257 416 1321 vidiae
439 1256 529 1319 iuxta
551 1256 697 1321 ostendit.

154 1372 209 1449 aas
224 1371 282 1424 llttt
419 1359 469 1424 11.
503 1360 587 1442 Ergo
611 1361 736 1424 nuntiat
759 1361 841 1444 patri
864 1361 989 1425 abicere
1012 1381 1103 1445 spem
1125 1367 1157 1425 et
1179 1362 1228 1425 uti
1250 1382 1354 1427 neces·

159 1438 275 1563 mg}
313 1465 424 1528 sitatc:
448 1463 542 1528 simul
564 1464 706 1528 adfertur
727 1464 833 1548 parari
855 1464 1067 1546 cognitionem
1089 1473 1220 1530 senatus
1243 1472 1276 1529 et
1296 1473 1354 1529 tru-

143 1579 289 1632 sesama
313 1587 383 1632 cem
410 1568 610 1633 sententiam.
649 1589 708 1633 nec
730 1568 871 1652 defuere,
900 1568 953 1650 qui
982 1575 1147 1633 monerent
1169 1590 1290 1652 magna
1315 1590 1353 1633 ex

154 1650 281 1762 “³332“
312 1679 401 1755 parte
423 1673 574 1737 heredem
596 1672 765 1738 Caesarem
787 1692 970 1756 nuncupare
998 1681 1096 1753 atque
1117 1674 1164 1737 ita
1186 1673 1354 1766 nepotibus

143 1786 187 1831 aa
201 1787 289 1840 cnara
312 1777 352 1841 de
367 1777 487 1857 reliquo
511 1779 683 1842 consulere.
708 1778 792 1858 quod
815 1784 1013 1861 aspernatus,
1037 1797 1078 1841 ne
1093 1777 1193 1842 vitam
1212 1778 1354 1861 proxime

162 1856 200 1900 ³⁰¹¹
214 1857 270 1901 m
310 1881 489 1945 libertatem
512 1887 617 1946 aotam
640 1882 811 1946 novissimo
835 1881 962 1946 servitio
986 1881 1138 1963 foedaret,
1166 1882 1301 1964 largitur
1322 1882 1354 1946 in

310 2004 418 2050 servos
448 1993 601 2066 quantum
632 1984 743 2049 aderat
773 1985 944 2069 pecuniae3
980 1991 1012 2049 et
1042 1985 1070 2049 si
1104 2005 1168 2066 qua
1202 1986 1354 2069 asportari

309 2096 447 2175 possent,
479 2089 539 2156 sibi
566 2108 724 2170 quemque
755 2088 921 2173 deducere,
952 2089 1008 2154 tris
1036 2089 1130 2154 modo
1157 2089 1291 2155 lectulos
1313 2088 1353 2153 ad
1412 2090 1419 2113 ¹

225 2199 232 2210 '
309 2214 457 2278 suprema
479 2193 610 2258 retineri
631 2194 729 2259 iubet.
769 2201 845 2258 tunc
868 2195 977 2258 eodem
1001 2194 1035 2257 in
1058 2193 1213 2278 cubiculo,
1240 2195 1352 2259 eodem

309 2301 391 2366 ferro
421 2299 612 2364 abscindunt
640 2319 750 2383 venas,
781 2299 970 2382 properique
997 2307 1028 2363 et
1057 2299 1189 2381 singulis
1211 2298 1353 2363 vestibus

308 2405 350 2469 ad
373 2404 598 2469 verecundiam
621 2404 719 2468 velati
745 2403 880 2468 balineis
906 2403 1094 2485 inferuntur,
1126 2410 1217 2486 pater
1243 2402 1351 2485 filiam,

308 2509 382 2573 avia
396 2517 535 2592 neptem,
559 2509 614 2571 illa
637 2514 787 2589 utrosque
810 2509 947 2591 intuens
972 2514 1005 2572 et
1021 2508 1165 2572 certatim
1187 2513 1353 2590 precantes

307 2613 428 2677 labenti
460 2613 586 2676 animae
619 2614 757 2677 celerem
791 2613 925 2696 exitum,
964 2621 999 2676 ut
1033 2612 1245 2693 relinquerent
1280 2631 1351 2676 suos

308 2717 493 2800 superstites
516 2723 547 2780 et
562 2717 737 2783 morituros.
762 2717 964 2797 servavitque
987 2715 1130 2781 ordinem
1154 2716 1290 2796 fortuna,
1314 2734 1352 2778 ac

308 2821 446 2885 seniores
468 2821 564 2904 prius,
587 2827 653 2884 tum
676 2821 727 2885 cui
750 2821 852 2904 prima
871 2826 970 2904 aetas,
995 2820 1231 2902 extinguuntur.
1262 2838 1351 2883 acco-

307 2925 367 2989 sati
389 2930 461 3007 post
484 2924 675 3008 sepulturam
700 2924 933 3006 decretumque,
956 2930 990 2987 ut
1012 2943 1099 2988 more
1121 2923 1276 2989 maiorum
1298 2942 1351 3006 pn-

308 3029 459 3097 nirentur.
498 3036 529 3092 et
555 3030 640 3094 Nero
668 3030 854 3109 intercessit,
887 3035 1020 3094 mortem
1047 3028 1116 3092 sine
1143 3027 1261 3092 arbitro
1284 3046 1350 3110 per·

308 3132 454 3198 mittens:
479 3154 518 3198 ca
541 3133 692 3198 caedibus
714 3133 853 3216 peractis
876 3133 1014 3197 ludibria
1036 3131 1266 3197 adiciebantur.

166 3241 260 3306 tutuno
414 3237 464 3301 12.
499 3237 534 3303 P.
559 3237 669 3302 Gallus
692 3257 789 3317 eques
817 3238 988 3321 Romanus,
1020 3236 1103 3318 quod
1126 3236 1245 3300 Faenio
1267 3234 1349 3300 Rufo

142 3323 281 3445 lam*
307 3341 438 3406 intimus
466 3348 498 3406 et
519 3342 626 3406 Veteri
657 3361 721 3405 non
752 3343 875 3405 alienus
905 3341 1018 3424 fuerat,
1050 3359 1134 3421 aqua
1161 3346 1256 3421 atque
1283 3338 1350 3422 igni

133 3462 169 3506 te
188 3462 289 3506 nasuta
307 3445 482 3530 prohibitus
513 3450 570 3510 est.
608 3446 721 3511 liberto
753 3453 785 3511 et
816 3445 992 3511 accusatori
1025 3445 1203 3529 praemium
1236 3461 1349 3527 operae

168 3540 254 3575 namen.
306 3550 394 3615 locus
415 3549 449 3613 in
472 3550 596 3614 theatro
619 3549 702 3613 inter
716 3549 854 3615 viatores
876 3549 1060 3614 tribunicios
1082 3549 1186 3612 datur.
1210 3555 1243 3612 et
1264 3567 1349 3611 men·

307 3673 367 3732 ses,
407 3652 461 3733 qui
491 3653 631 3735 Aprilem
671 3653 872 3734 eundemque
906 3653 1087 3717 Neroneum
1125 3651 1348 3733 sequebantur,

307 3755 409 3819 Maius
442 3755 580 3839 Claudii,
618 3756 728 3821 Iunius
766 3755 947 3821 Germanici
980 3755 1142 3821 vocabulis
1178 3761 1348 3836 mutantur,

306 3857 494 3923 testificante
510 3858 655 3923 Cornelio
671 3858 780 3942 Orfito,
804 3860 859 3941 qui
881 3859 914 3923 id
937 3866 1111 3943 censuerat,
1135 3859 1207 3923 ideo
1222 3859 1348 3923 Iunium
