2984 4275
480 200 504 239 a.
517 185 551 240 U.
565 201 587 239 o.
600 187 660 241 813.
684 201 710 252 p.
723 182 786 240 Chr.
799 188 841 239 60.
1136 163 1178 229 95

244 359 297 425 25.
333 360 375 423 At
402 359 595 442 praesidium
622 358 777 441 Legerda,
809 356 894 440 quod
920 357 1009 423 ferox
1032 357 1178 422 iuventus
1222 367 1326 450 sucoso

142 464 306 547 clauserat,
335 484 400 527 non
423 464 491 528 sine
519 464 690 528 certamine
718 470 936 547 expugnatum
959 469 1018 527 est:
1049 467 1178 525 namet
1207 442 1338 564 ,¹2¹ng

140 567 295 650 proelium
318 587 374 650 pro
398 567 495 631 muris
516 567 587 631 ausi
610 573 699 631 erant
722 573 755 631 et
774 567 855 651 pulsi
876 567 960 631 intra
982 566 1178 631 munimenta

140 671 249 753 aggeri
273 671 402 735 demum
424 677 455 735 et
477 671 725 755 inrumpentium
748 672 845 736 armis
867 691 996 736 cessere.
1032 689 1113 752 quae
1135 669 1179 735 fa·

141 776 230 840 cihus
256 775 496 859 proveniebant,
527 776 601 856 quia
627 776 737 840 Parthi
763 776 913 859 Hyrcano
940 775 1025 839 bello
1051 773 1179 838 distine-

141 881 266 946 bantur.
307 879 521 960 miserantque
550 880 693 964 Hyreaui
722 879 765 944 ad
794 878 968 963 principem
1000 880 1180 942 Romanum

139 982 327 1047 societatem
356 989 491 1066 oratum,
522 983 648 1048 attineri
670 1005 690 1048 a
712 1003 746 1048 se
768 984 946 1066 Vologesen
969 1002 1025 1065 pro
1048 982 1180 1065 pignore

139 1087 301 1151 amicitiae
327 1093 531 1152 ostentantes.
570 1107 624 1152 eos
647 1087 862 1171 regredientes
884 1086 1028 1170 Corbulo,
1056 1106 1097 1150 ne
1119 1087 1180 1149 Eu-

139 1191 276 1274 phraten
306 1191 493 1273 transgressi
521 1188 659 1255 hostium
689 1189 839 1256 custodiis
870 1191 1179 1272 circumvenirentur,

139 1296 216 1360 dato
238 1295 398 1379 praesidio
421 1295 463 1360 ad
484 1294 577 1359 litora
592 1295 687 1358 maris
701 1295 788 1359 rubri
810 1294 950 1378 deduxit,
975 1294 1059 1359 unde
1074 1294 1180 1359 vitatis

138 1400 330 1464 Parthorum
352 1398 468 1463 finibus
489 1399 607 1482 patrias
630 1398 664 1461 in
687 1397 779 1462 sedes
801 1394 993 1465 remeavere.

247 1504 298 1568 26.
323 1503 407 1580 Quin
427 1512 459 1567 et
473 1502 637 1567 Tiridaten
659 1523 716 1586 per
729 1502 841 1568 Medos
856 1509 1000 1567 extrema
1011 1503 1180 1567 Armeniae
1219 1510 1332 1565 suariae

137 1607 321 1691 intrantem,
343 1607 515 1691 praemisso
538 1627 610 1672 cum
632 1606 759 1671 auxiliis
774 1607 933 1671 Verulano
956 1607 1061 1689 legato
1083 1615 1179 1688 atque
1197 1580 1353 1694 ,ῗζξᾷἷῖξ

136 1712 210 1795 ipse
231 1710 410 1793 legionibus
432 1710 510 1792 citis,
534 1712 621 1775 abire
642 1711 752 1794 procul
774 1730 812 1774 ac
827 1731 915 1795 spem
937 1711 1013 1776 belli
1035 1711 1179 1776 amittere
1252 1719 1296 1763 uso

137 1814 282 1898 subegit3
311 1833 451 1896 quosque
477 1815 570 1880 nobis
592 1834 721 1879 aversos
747 1815 862 1879 animis
884 1820 1083 1897 cognoverat,
1112 1835 1179 1879 cae·
1214 1789 1338 1902 ‘²¹¹2'ng

137 1920 236 1984 dibus
265 1928 296 1982 et
322 1918 476 1983 incendiis
502 1919 729 2003 perpopulatus
757 1919 986 2003 possessionem
1008 1919 1180 1984 Armeniae
1216 1927 1333 1979 sistus.

137 2024 326 2106 usurpabat,
349 2042 421 2087 cum
443 2023 573 2088 advenit
586 2023 740 2107 Tigranes
763 2044 783 2087 a
802 2024 929 2088 Nerone
952 2023 994 2087 ad
1016 2043 1180 2106 capessen-

137 2127 220 2193 dum
241 2126 408 2210 imperium
430 2125 580 2210 delectus,
604 2125 829 2211 Cappadocum
845 2148 886 2192 ex
901 2126 1075 2209 nobilitate,
1098 2128 1180 2210 regis

136 2230 292 2296 Archelai
313 2250 421 2315 nepos,
445 2230 503 2296 sed
526 2231 610 2312 quod
632 2231 687 2295 diu
709 2232 801 2296 obses
823 2230 909 2316 apud
932 2232 1043 2297 urbem
1065 2231 1178 2315 fuerat,

138 2354 243 2416 usque
273 2335 315 2398 ad
345 2334 490 2398 servilem
520 2335 709 2418 patientiam
739 2336 903 2400 demissus.
942 2355 1000 2399 nec
1027 2355 1180 2399 consensu

137 2445 302 2522 aceeptus,
337 2438 471 2503 durante
505 2437 590 2522 apud
624 2439 778 2520 quosdam
811 2439 920 2503 favore
947 2439 1178 2503 Arsacidarum.

137 2550 176 2608 at
202 2542 347 2627 plerique
378 2541 558 2626 superbiam
589 2542 778 2607 Parthorum
807 2542 911 2626 perosi
938 2542 1047 2606 datum
1075 2562 1095 2605 a
1120 2544 1179 2607 Ro·

138 2646 245 2712 manis
267 2666 376 2728 regem
398 2646 570 2711 malebant.
598 2645 741 2711 additum
765 2647 794 2711 ei
815 2646 1007 2730 praesidium
1030 2647 1117 2710 mille
1139 2647 1180 2712 le-

137 2749 286 2834 gionarii,
314 2756 377 2814 tres
404 2749 558 2814 sociorum
585 2750 729 2815 cohortes
756 2750 901 2832 duaeque
928 2752 1071 2834 equitum
1098 2751 1179 2832 alae,

138 2861 174 2919 et
194 2873 257 2935 quo
280 2852 403 2918 facilius
425 2873 543 2917 novum
565 2874 699 2936 regnum
725 2861 875 2938 tueretur,
903 2873 978 2937 pars
999 2853 1178 2934 Armeniae,

138 2963 176 3023 ut
202 2956 318 3037 cuique
343 2955 488 3041 finitima,
519 2957 730 3022 Pharasmani
760 2957 983 3038 Polemonique
1010 2965 1042 3021 et
1064 2958 1179 3023 Aristo-

137 3062 215 3126 bulo
239 3069 336 3141 atque
358 3060 514 3126 Antiocho
536 3081 647 3144 parere
668 3062 773 3126 iussae
795 3067 878 3126 sunt.
912 3060 1046 3125 Corbulo
1067 3062 1100 3125 in
1124 3061 1179 3127 Su-

138 3165 219 3229 riam
250 3164 412 3248 abscessit,
447 3170 547 3229 morte
577 3164 728 3230 Ummidii
756 3164 856 3247 legati
884 3184 1021 3231 vacuam
1050 3186 1088 3230 ac
1118 3165 1179 3231 sibi

138 3269 339 3352 permissam.

246 3371 299 3436 27.
322 3371 444 3438 Eodem
466 3392 550 3436 anno
572 3392 613 3437 ex
635 3372 819 3437 inlustribus
833 3373 930 3437 Asiae
952 3371 1082 3436 urbibus
1101 3373 1178 3437 Lao·
1222 3389 1332 3434 stracten

139 3474 232 3540 dicea
263 3482 397 3541 tremore
426 3482 528 3541 terrae
559 3478 713 3560 prolapsa,
746 3477 833 3541 nullo
859 3497 880 3540 a
906 3475 998 3540 nobis
1028 3475 1176 3557 remedio,
1201 3458 1349 3572 ωαξῗξξξζξ
1392 3506 1398 3517 ·

139 3579 275 3664 propriis
298 3578 411 3663 opibus
432 3579 577 3644 revaluit.
605 3587 639 3644 at
661 3580 694 3644 in
716 3581 811 3645 ltalia
833 3587 924 3645 vetus
947 3580 1098 3664 oppidum
1119 3581 1177 3644 Pu·
1205 3596 1229 3641 u
1245 3595 1343 3650 sutton,

139 3684 217 3748 teoli
238 3684 289 3748 ius
312 3684 455 3748 coloniae
478 3691 509 3747 et
531 3691 775 3766 cognomentum
797 3706 818 3749 a
836 3685 962 3749 Nerone
984 3684 1176 3766 apisountur.
1196 3665 1351 3779 nastilibus.

141 3788 286 3853 veterani
312 3788 486 3853 Tarentum
514 3795 544 3852 et
568 3788 698 3852 Antium
728 3788 879 3873 adscripti
908 3808 971 3852 non
998 3794 1106 3851 tamen
1133 3788 1177 3851 in·
1209 3861 1212 3870 ἕ

140 3890 339 3975 frequentiae
361 3893 500 3957 locorum
523 3892 708 3974 subvenere,
736 3891 866 3975 dilapsis
893 3891 1034 3975 pluribus
1055 3891 1088 3955 in
1111 3910 1178 3974 pro-
