2984 4275
493 201 517 238 a
531 184 564 240 U.
577 200 601 239 c.
614 187 672 242 819.
697 201 723 253 p.
736 183 800 238 Chr.
813 187 854 239 66.
1132 168 1193 232 167

149 359 335 424 haberetur.
374 359 609 424 accusatoribus
639 358 734 442 Eprio
765 366 797 423 et
826 357 1013 424 Cossutiano
1043 358 1194 442 quinqua·

149 464 245 546 giens
261 464 440 529 sestertium
456 463 597 546 singulis,
622 462 743 529 Ostorio
760 463 952 529 duodeciens
967 471 998 528 et
1014 463 1195 544 quaestoria

148 568 291 651 insignia
313 568 501 633 tribuuntur.

259 673 312 738 34.
335 674 417 737 Tum
439 673 481 738 ad
503 674 677 738 Thraseam
700 673 733 738 in
756 672 854 738 hortis
876 679 1024 755 agentem
1048 678 1195 753 quaestor
1244 686 1339 765 artua

149 777 293 841 consulis
315 777 428 842 missus
444 783 684 861 vesperascente
699 777 763 842 iarn
779 778 841 842 die.
864 777 1041 842 inlustrium
1055 777 1194 841 virorum
1213 753 1368 878 „effigffiw

150 881 409 964 feminarumque
443 889 567 947 coetum
596 881 797 965 frequentem
827 889 945 965 egerat,
979 881 1118 945 maxime
1148 880 1194 945 iu·
1212 894 1369 939 senecam

150 993 262 1051 tentus
288 987 450 1051 Demetrio
472 987 611 1070 Cynicae
637 987 840 1052 institutionis
868 986 996 1069 doctori,
1027 1007 1099 1051 cum
1122 1005 1194 1069 quo,
1212 963 1370 1087 ¹⁰¹¹}„¹{¹,¹{,{⁰”¹

151 1097 189 1155 ut
219 1080 395 1156 coniectare
425 1097 494 1156 erat
523 1091 699 1156 intentione
721 1092 829 1156 vultus
860 1098 892 1155 et
921 1090 1047 1174 auditis,
1078 1090 1105 1155 si
1132 1110 1196 1174 qua

153 1196 273 1260 clarius
295 1195 572 1280 proloqnehantur,
596 1196 637 1260 de
653 1202 766 1260 natura
788 1197 914 1260 animae
929 1203 961 1260 et
977 1195 1196 1260 dissociatione

152 1301 283 1383 spiritus
311 1300 513 1384 corporisque
542 1301 728 1384 inquirebat,
763 1301 864 1366 donec
887 1300 1017 1367 advenit
1039 1300 1196 1365 Domitius

154 1404 357 1470 Caecilianus
386 1425 427 1469 ex
456 1405 575 1470 intimis
604 1405 714 1470 amicis
744 1413 776 1470 et
807 1405 836 1470 ei
866 1405 942 1488 quid
971 1412 1100 1470 senatus
1127 1423 1196 1469 cen-

154 1507 270 1573 suisset
285 1510 439 1594 exposuit.
462 1509 558 1592 igitur
572 1508 684 1574 flentes
700 1511 967 1593 queritantesque,
985 1510 1038 1593 qui
1053 1509 1195 1592 aderant,

155 1612 314 1678 facessere
337 1634 469 1698 propere
484 1613 627 1679 Thrasea
650 1634 709 1678 nec
731 1615 872 1698 pericula
895 1635 952 1680 sua
974 1615 1105 1680 miscere
1125 1633 1196 1678 cum

156 1724 243 1782 sorte
273 1717 416 1783 damnati
450 1719 603 1801 hortatur,
634 1719 822 1803 Arriamque
854 1727 1063 1803 temptantem
1094 1719 1197 1783 mariti

156 1841 307 1906 suprema
322 1830 355 1888 et
369 1825 551 1908 exemplum
563 1825 672 1889 Arriae
695 1826 805 1890 matris
828 1826 918 1907 sequi
941 1832 1048 1890 monet
1064 1825 1197 1889 retinere

156 1927 256 1991 vitam
277 1926 422 2010 filiaeque
442 1931 600 1995 communi
622 1929 798 1994 subsidium
816 1930 946 1994 unicum
968 1950 1032 1994 non
1047 1929 1196 1993 adimere.

260 2030 312 2096 35.
346 2033 427 2097 Tum
455 2054 639 2117 progressus
661 2034 695 2098 in
717 2034 871 2117 porticum
900 2034 967 2098 illic
989 2055 1009 2098 a
1032 2040 1197 2113 quaestore
1231 2055 1286 2100 eeu
1299 2055 1356 2102 snt.

157 2137 319 2220 reperitur,
335 2139 475 2204 laetitiae
490 2141 640 2225 proprior,
657 2140 731 2222 quia
746 2139 929 2204 Helvidium
944 2159 1096 2222 generum
1106 2159 1197 2203 sumn

157 2242 250 2306 Italia
272 2249 396 2308 tanturn
419 2245 518 2309 arceri
541 2251 742 2327 cognoverat.
778 2250 909 2328 accepto
932 2243 1046 2308 dehinc
1069 2249 1197 2307 senatus

158 2347 300 2411 consulto
322 2348 506 2412 Helvidium
529 2356 561 2413 et
582 2349 779 2414 Demetrium
801 2349 835 2413 in
859 2348 1037 2413 cubiculum
1059 2347 1196 2430 inducit,

158 2451 372 2535 porrectisque
399 2453 560 2535 utriusque
583 2453 706 2518 brachii
727 2453 830 2539 venis,
860 2460 1028 2537 postquam
1055 2470 1197 2515 cruorem

159 2555 278 2638 effudit,
302 2556 435 2622 humum
457 2577 551 2642 super
574 2578 736 2643 spargens,
761 2558 888 2642 propius
903 2564 1015 2622 vocato
1031 2561 1198 2638 quaestore

158 2651 317 2725 ‘libamus'
338 2661 441 2743 inquit
460 2655 539 2727 ‘Iovi
555 2662 723 2727 liberatori.
754 2669 871 2746 specta,
893 2661 1034 2745 iuvenis;
1059 2666 1090 2726 et
1104 2680 1198 2725 omen

159 2765 288 2847 quidem
311 2764 363 2830 dei
385 2766 583 2851 prohibeant,
607 2774 747 2832 ceterum
771 2768 804 2830 iu
819 2788 858 2832 ea
877 2774 1021 2850 tempora
1044 2772 1196 2845 natasse,

158 2869 273 2950 quibus
295 2868 421 2934 firmare
443 2871 585 2935 animum
608 2871 759 2955 expediat
781 2871 1000 2936 constantibus
1022 2862 1199 2954 exemphs.’

158 2980 227 3055 post
257 2973 445 3039 lentitudine
476 2975 579 3039 exitus
609 2996 723 3058 graves
754 2976 911 3041 cruciatus
941 2975 1115 3057 adferente,
1146 2974 1198 3039 ob-

157 3078 256 3144 versis
278 3078 311 3143 in
334 3079 528 3143 Demetrium
536 3128 633 3144 .......
