2984 4275
308 161 351 225 64
531 177 580 231 Ab
599 192 716 231 excessu
734 176 769 230 D.
781 176 908 245 Augusti
925 175 998 230 Xlll
1017 179 1128 232 25-30.

307 359 465 436 repertum
489 357 545 435 est,
569 372 666 433 quam
682 358 716 415 ut
730 350 899 416 histriones
921 350 1014 415 Italia
1037 350 1231 433 pellerentur
1246 351 1349 416 miles·

307 476 369 538 que
392 456 516 522 theatro
539 475 661 521 rursum
684 455 852 519 adsideret.

185 574 237 620 oet·
411 560 463 626 26.
488 561 548 625 Per
562 560 648 624 idem
670 565 796 643 tempus
815 565 923 623 actum
945 557 978 620 in
994 563 1107 622 senatu
1129 556 1169 621 de
1184 556 1350 624 fraudibus

141 643 281 758 ''mssssffm
308 665 490 730 libertorum
514 663 797 747 efflagitatumque,
821 670 856 726 ut
874 662 1026 726 adversus
1049 661 1131 725 male
1154 661 1281 726 meritos
1305 682 1349 727 re-

145 783 281 828 scissum
306 769 472 835 vocandae
495 767 646 833 libertatis
666 768 714 832 ius
738 766 878 850 patronis
896 765 1034 830 daretur.
1059 785 1118 830 uec
1133 764 1276 848 deerant,
1293 766 1350 847 qui

158 852 269 979 ,gam
307 880 486 954 censerent,
524 872 580 937 sed
615 872 758 936 consules
791 869 976 935 relationem
1009 869 1146 953 incipere
1180 890 1244 934 nou
1278 871 1350 935 ausi

306 979 417 1061 ignaro
439 977 592 1061 principe,
621 976 832 1060 perscripsere
858 981 966 1038 tamen
995 992 1184 1038 consensum
1207 981 1346 1040 senatus.

304 1082 358 1146 ille
373 1103 415 1146 an
431 1087 541 1145 auctor
556 1079 787 1144 constitutionis
801 1077 900 1161 fieret,
925 1078 1116 1143 consultavit
1133 1077 1216 1143 inter
1230 1098 1348 1161 paucos

306 1194 338 1251 et
360 1185 537 1250 sententiae
563 1184 713 1266 diversos,
742 1181 933 1264 quibusdam
960 1181 1108 1245 coalitam
1136 1180 1280 1246 libertate
1301 1184 1348 1246 iu-

304 1288 517 1354 reverentiam
540 1307 577 1352 eo
600 1287 778 1371 prorupisse
801 1285 1018 1367 frementibus
1042 1291 1077 1349 ut
1092 1285 1166 1349 vine
1185 1305 1228 1348 an
1242 1305 1347 1366 aequo

304 1413 376 1458 cunr
403 1393 545 1478 patronis
572 1392 638 1456 iure
665 1397 808 1473 agerent,
836 1389 1025 1454 senteutiam
1054 1408 1162 1453 eorum
1191 1391 1348 1454 consulta·

295 1497 375 1562 'rent
397 1516 436 1561 ac
458 1496 642 1562 verberibus
666 1515 778 1559 manus
801 1495 882 1559 ultro
904 1494 1115 1575 intenderent,
1143 1494 1348 1577 impudenter

303 1602 355 1666 vel
378 1619 515 1683 poenam
537 1619 628 1665 suam
650 1600 711 1682 ipsi
733 1598 912 1663 suadentes.
942 1597 1018 1679 quid
1041 1598 1126 1661 euim
1149 1597 1236 1662 aliud
1258 1598 1347 1663 laeso

303 1711 435 1788 patrono
462 1723 656 1784 conoessum,
685 1721 782 1784 quarn
809 1709 850 1766 ut·
866 1703 1074 1766 centesimum
1096 1702 1179 1766 ultra
1205 1702 1346 1786 lapidem

303 1809 341 1873 iu
364 1828 452 1872 oram
478 1807 673 1891 Campaniae
701 1807 850 1871 libertum
876 1806 1018 1888 releget?
1056 1815 1177 1870 ceteras
1203 1806 1346 1871 actiones

303 1913 475 1996 promiscas
490 1920 522 1977 et
541 1931 633 1996 pares
649 1931 733 1975 esse:
757 1909 961 1974 tribuendum
976 1910 1105 1991 aliquod
1129 1910 1235 1991 telum,
1260 1909 1347 1990 quod

303 2017 409 2101 sperui
432 2023 578 2097 nequeat.
618 2035 676 2080 uec
699 2034 796 2097 grave
820 2033 917 2077 mauu
939 2013 1042 2088 missis
1070 2033 1127 2097 per
1149 2012 1235 2078 idem
1257 2012 1345 2078 obse-

303 2121 412 2204 quium
438 2121 597 2187 retinendi
622 2120 812 2201 libertatem,
840 2137 898 2201 per
924 2117 1008 2199 quod
1034 2116 1178 2183 adsecuti
1204 2117 1280 2184 siut:
1312 2125 1346 2184 at

303 2227 469 2291 criminum
502 2225 685 2290 manifestos
716 2225 826 2288 merito
857 2222 899 2287 ad
928 2224 1113 2288 servitutem
1146 2222 1278 2306 retrahi,
1310 2231 1344 2288 ut

303 2338 389 2395 metu
412 2337 623 2411 coerceantur,
648 2348 727 2410 quos
750 2326 906 2422 beneficia
928 2346 991 2390 uon
1016 2329 1233 2392 mutavissent.

150 2448 184 2494 ue
196 2450 264 2504 rum
407 2434 459 2500 27.
497 2434 719 2498 Disserebatur
748 2428 870 2498 contra:
905 2451 1078 2514 paucorum
1111 2431 1237 2515 culpam
1267 2431 1345 2514 ipsis

154 2520 260 2635 {m
303 2538 468 2603 exitiosam
484 2558 552 2604 esse
568 2537 693 2618 debere,
710 2535 789 2600 nilril
804 2535 1021 2599 universorum
1036 2535 1096 2598 iuri
1111 2534 1342 2621 derogandum,
1484 2618 1485 2623 ἵ

302 2643 419 2726 quippe
442 2642 505 2706 late
528 2640 633 2706 fusum
656 2640 690 2705 id
713 2659 834 2723 corpus.
858 2638 933 2703 hino
948 2639 1133 2722 plerumque
1156 2638 1265 2724 tribus,
1289 2639 1342 2704 de·
1421 2648 1422 2651 ’

300 2744 414 2827 cunas,
438 2745 611 2810 ministeria
634 2743 870 2827 magistratibus
893 2749 925 2808 et
947 2742 1173 2824 sacerdotibus,
1197 2743 1342 2809 cohortes

300 2850 396 2914 etiam
417 2850 451 2913 in
467 2849 544 2913 urbe
566 2849 772 2933 conscriptam
797 2854 829 2910 et
852 2847 993 2931 plurimis
1008 2845 1159 2927 equitum,
1182 2848 1341 2932 plerisque

299 2952 497 3017 senatoribus
524 2971 587 3016 uon
610 2950 740 3016 aliunde
767 2950 922 3032 originem
943 2950 1039 3014 trahi:
1067 2950 1094 3014 si
1122 2958 1342 3034 separarentur

300 3056 451 3139 libertini,
487 3055 688 3121 manifestam
720 3053 789 3120 fore
822 3054 987 3138 penuriam
1020 3055 1238 3136 ingenuorum.
1276 3076 1341 3120 non

215 3200 220 3207 -
299 3160 415 3224 frustra
437 3160 580 3246 maiores,
608 3181 681 3225 cum
709 3159 898 3242 dignitatem
925 3159 1070 3223 ordinum
1093 3158 1283 3242 dividerent,
1307 3161 1341 3224 li·

299 3264 454 3329 bertatem
476 3265 510 3329 in
533 3265 693 3329 communi
720 3263 872 3347 posuisse.
912 3262 987 3343 quin
1015 3269 1047 3327 et
1069 3283 1167 3327 mauu
1195 3264 1340 3330 mittendi

299 3367 379 3432 duas
401 3369 522 3451 speeies
545 3368 713 3449 institutas,
741 3373 777 3430 ut
797 3366 1027 3447 relinqueretur
1049 3367 1263 3450 paenitentiae
1286 3376 1341 3432 aut

298 3491 381 3536 noro
403 3471 558 3537 beneficio
581 3473 676 3537 locus.
706 3491 784 3552 quus
806 3469 947 3534 vindicta
970 3478 1120 3553 patronus
1142 3491 1207 3536 nou
1229 3471 1339 3537 libera·

298 3575 388 3656 verit,
416 3577 502 3641 velut
523 3577 628 3642 riuclo
656 3575 815 3640 servitutis
837 3575 974 3639 attineri.
1013 3575 1180 3658 dispiceret
1206 3575 1340 3658 quisque

299 3679 410 3743 merita
431 3679 582 3761 tardeque
598 3678 793 3761 concederet,
817 3678 902 3760 quod
924 3678 1033 3742 datum
1057 3698 1121 3743 nou
1137 3677 1337 3744 adimeretur.

297 3781 378 3846 hacc
393 3785 553 3848 sententia
567 3782 678 3863 valuit,
698 3782 887 3866 scripsitque
902 3782 1018 3846 Caesar
1033 3782 1167 3863 senatui,
1191 3783 1339 3866 privatim

297 3886 516 3969 expenderent
554 3905 682 3951 causam
720 3884 918 3970 libertorum,
958 3886 1105 3967 quotiens
1143 3906 1163 3950 a
1199 3888 1339 3970 patronis
