2984 4275
297 168 339 233 2ss
528 187 577 242 Ab
597 203 713 242 excessu
730 188 765 242 1.
779 189 905 257 Augusti
923 188 980 242 xri
1001 191 1110 244 14-18.

174 373 229 426 111
299 380 412 445 moras,
442 361 527 426 locos
554 368 676 427 mutare
703 370 735 427 et
763 362 865 427 missis
892 363 1127 447 corruptoribus
1157 363 1338 429 exuendam

122 442 281 566 '‘ffiff‘
299 464 341 527 ad
362 463 457 529 fidem
479 465 586 531 hostes
608 466 768 532 emercari.
793 486 834 530 ex
857 466 925 549 quis
945 468 1048 532 Izates
1063 466 1239 551 Adiabeno,
1263 488 1338 533 mox

122 583 280 629 1111111111
298 570 441 635 Acbarus
452 570 594 635 Arabum
617 591 689 635 curn
705 570 846 635 exercitu
860 569 1047 652 abscedunt,
1071 571 1201 636 levitate
1216 571 1336 655 gentili,

140 653 264 706 mmm·
298 678 329 737 et
352 674 426 756 quia
448 675 670 759 experimentis
693 675 854 757 cognitum
877 682 924 739 est
944 675 1096 740 barbaros
1119 676 1213 739 malle
1235 676 1337 740 Roma

296 784 404 861 petere
427 799 517 862 reges
538 799 633 863 quam
656 778 784 844 habere.
808 787 841 843 at
856 778 1057 844 Meherdates
1072 780 1188 844 validis
1210 781 1337 845 auxiliis

296 883 442 967 nudatus,
466 889 642 949 ceterorum
665 884 842 967 proditione
861 892 1015 969 suspecta,
1040 885 1124 967 quod
1146 904 1245 948 unum
1267 885 1337 949 reli·

297 1007 403 1070 quum,
434 1008 500 1052 rem
529 988 563 1052 in
594 1007 701 1052 casum
732 989 809 1052 dare
839 989 1020 1072 proelioque
1051 988 1186 1072 experiri
1216 988 1335 1054 statuit,

296 1111 355 1155 nee
370 1091 557 1156 detrectavit
572 1112 712 1175 pugnam
724 1090 874 1156 Gotarzes
887 1092 1058 1156 deminutis
1072 1091 1216 1157 hostibus
1230 1091 1335 1177 ierom

296 1214 544 1279 concursumque
572 1216 690 1278 magna
717 1196 815 1261 caede
843 1203 875 1262 et
901 1196 1051 1279 ambiguo
1079 1204 1204 1273 eventu,
1236 1196 1337 1262 donec

295 1299 450 1364 Carenem
465 1298 639 1383 profligatis
654 1299 757 1365 obviis
772 1301 898 1383 longius
913 1308 1058 1366 evectum
1073 1300 1198 1383 integer
1212 1321 1232 1364 a
1246 1306 1335 1383 tergo

295 1404 408 1486 globus
431 1403 681 1469 circumveniret.
706 1412 772 1468 tum
792 1406 878 1470 omni
901 1426 958 1489 spe
980 1405 1105 1488 perdita
1126 1404 1335 1487 Meherdates
1403 1407 1413 1417 '

295 1508 449 1592 promissa
470 1508 614 1572 Parracis
636 1509 761 1592 paterni
784 1509 905 1574 clientis
927 1517 1061 1591 secutus,
1085 1509 1157 1574 dolo
1180 1508 1248 1573 eius
1270 1509 1336 1573 rin·

296 1612 376 1676 citur
397 1612 593 1695 traditurque
614 1612 735 1677 victori.
771 1618 866 1702 atque
888 1613 942 1678 ille
964 1634 1028 1678 non
1051 1613 1261 1697 propinquum
1283 1632 1337 1676 ne·

297 1737 358 1800 que
376 1716 504 1781 Arsacis
527 1716 567 1780 de
590 1723 696 1799 gente,
721 1717 778 1781 sed
800 1718 1014 1801 alienigenam
1037 1724 1069 1781 et
1091 1718 1269 1781 Romanum
1290 1716 1336 1780 in-

296 1840 437 1904 crepans,
461 1820 589 1885 auribus
612 1820 727 1885 decisis
743 1822 850 1886 vivere
872 1821 971 1904 iubet,
995 1821 1133 1887 ostentui
1148 1820 1336 1885 clementiae

295 1944 372 1990 suae
402 1932 434 1988 et
462 1924 496 1988 in
525 1944 583 1989 nos
614 1925 906 1990 dehonestamento.
946 1926 1020 1990 dein
1046 1925 1197 1990 Gotarzes
1227 1923 1336 1989 morbo

296 2028 382 2112 obiit,
415 2028 595 2111 accitusque
621 2029 655 2092 in
682 2048 816 2112 regnum
842 2029 990 2093 Vonones
1016 2028 1126 2094 Medos
1153 2036 1220 2093 tum
1248 2048 1336 2112 prae·

295 2132 410 2198 sidens.
448 2133 537 2197 nulla
563 2131 636 2198 huic
658 2154 810 2218 prospera
837 2141 892 2199 aut
914 2133 1059 2218 adversa,
1088 2132 1159 2216 quis
1186 2153 1337 2198 memora·

295 2245 393 2302 retur:
424 2238 514 2303 brevi
541 2246 573 2303 et
599 2238 732 2320 inglorio
763 2238 895 2321 imperio
922 2237 1106 2321 perfunctus
1133 2244 1191 2322 est,
1222 2257 1336 2320 resque

295 2341 481 2406 Parthorum
505 2341 539 2405 in
561 2341 660 2405 fihum
684 2342 752 2407 eius
774 2342 964 2425 Vologesem
985 2342 1168 2406 translatae.

130 2458 271 2511 1111111111
404 2446 454 2509 15.
482 2447 525 2509 At
552 2444 751 2509 Mithridates
774 2446 975 2530 Bosporanus
1002 2446 1126 2510 amissis
1148 2446 1261 2529 opibus
1283 2466 1336 2510 va-

138 2528 259 2643 ἰωῐζᾙξως
295 2571 363 2633 gns,
392 2548 559 2633 postquam
581 2549 711 2613 Didium
734 2548 848 2613 ducem
870 2550 1048 2615 Romanurn
1071 2551 1228 2633 roburque
1250 2570 1336 2614 exer·

121 2653 375 2725 11111111111111
404 2653 507 2718 abisse
539 2659 739 2734 cognoverat,
771 2652 896 2718 relictos
928 2655 961 2718 in
991 2674 1074 2719 novo
1108 2674 1206 2738 regno
1233 2654 1336 2737 Cotyn

138 2735 257 2850 '‘232⁶'’
294 2758 424 2822 iuventa
455 2757 566 2821 rudem
597 2764 628 2821 et
658 2775 777 2840 paucas
807 2756 982 2822 cohortium
1013 2777 1084 2823 cum
1113 2758 1194 2822 Iulio
1221 2757 1336 2841 Aquila

121 2875 277 2928 1111111111.
296 2861 404 2944 equite
427 2861 581 2944 Romano,
606 2860 719 2944 spretis
734 2860 875 2944 utrisque
891 2862 1014 2926 concire
1029 2861 1184 2945 nationes,
1208 2861 1336 2925 inlicere

120 2945 278 3068 ,mmm
297 2965 460 3049 perfugas3
484 2972 641 3048 postremo
664 2963 806 3029 exercitu
824 2973 933 3029 coacto
949 2985 1057 3048 regern
1080 2963 1336 3029 Dandaridarum

120 3082 279 3138 1111111111,
297 3069 444 3134 exturbat
472 3067 667 3151 imperioque
697 3068 765 3132 eius
795 3068 922 3152 potitur.
958 3088 1040 3149 quae
1067 3068 1121 3132 ubi
1151 3067 1279 3150 cognita
1304 3074 1336 3132 et

296 3174 360 3237 iam
375 3173 504 3255 iamque
519 3173 694 3256 Bosporum
709 3172 877 3237 invasurus
893 3172 1079 3253 habebatur,
1092 3171 1190 3236 diffisi
1203 3170 1335 3256 propriis

294 3277 415 3342 viribus
441 3277 558 3360 Aquila
591 3283 623 3341 et
651 3276 756 3361 Cotys,
793 3276 867 3359 quia
896 3277 1043 3342 Zorsines
1071 3275 1249 3341 Siracorum
1279 3294 1336 3339 rex

294 3381 420 3446 hostilia
441 3389 662 3465 resumpserat,
691 3388 838 3445 externas
866 3387 897 3445 et
919 3381 978 3464 ipsi
1006 3380 1126 3463 gratias
1150 3379 1335 3463 quaesivere

294 3486 396 3550 missis
423 3486 534 3569 legatis
561 3485 605 3549 ad
631 3486 797 3566 Eunonen,
826 3485 880 3566 qui
907 3486 1078 3549 Aorsorum
1103 3485 1193 3567 genti
1222 3483 1336 3567 praesi-

295 3589 375 3654 dens
398 3590 509 3673 opibus
531 3590 754 3674 praecellebat.
783 3608 843 3653 nec
866 3589 926 3653 fuit
948 3588 982 3652 in
1005 3589 1105 3653 arduo
1128 3588 1262 3653 societas
1284 3608 1337 3671 po·

294 3695 425 3758 tentiam
448 3695 624 3758 Romanam
652 3694 806 3758 adversus
829 3693 980 3757 rebellem
1007 3692 1213 3757 Mithridaten
1236 3699 1338 3757 osten·

292 3798 443 3862 lantibus.
480 3797 578 3880 igitur
605 3798 766 3881 pepigere,
798 3796 1000 3879 equestribus
1030 3795 1158 3880 proeliis
1188 3796 1337 3861 Eunones

292 3907 435 3984 certaret,
459 3900 582 3966 obsidia
604 3901 729 3965 urbium
752 3899 889 3964 Romani
911 3904 1121 3984 capesserent.
