2984 4275
294 147 336 212 82
534 164 584 219 Ab
603 180 719 220 excessu
737 165 771 219 D.
784 164 911 235 Augusti
928 166 998 222 XIV
1019 170 1092 222 1-4.

669 373 839 456 LIBER
864 373 954 457 XIV.

119 561 277 618 annuamus
313 570 318 579 ·
401 547 428 612 1.
463 546 542 613 Gaio
564 548 718 632 Vipstano
740 547 774 612 Ο.
798 548 932 612 Fonteio
954 548 1137 613 consulibus
1159 547 1214 612 diu
1236 549 1337 613 medi·

143 633 183 677 teu
197 631 254 678 aaa

167 710 232 756 stam

294 657 393 716 tatum
423 652 525 718 scelus
553 671 616 716 non
642 653 724 717 ultra
750 651 835 716 Nero
865 651 995 734 distulit,
1024 659 1182 717 vetustate
1208 653 1337 736 imperii

120 772 177 824 tuuc
193 771 278 816 naua
294 756 409 821 coalita
435 755 570 820 audacia
596 763 628 820 et
653 754 837 839 flagrantior
862 756 895 819 irr
926 756 995 821 dies
1021 776 1127 821 amore
1152 757 1333 841 Poppaeae,

180 840 224 894 ott.

153 2530 254 2587 &allate

296 879 377 944 quae
404 860 466 924 sibi
493 859 725 924 matrimonium
753 867 785 923 et
812 859 978 924 discidium
1005 859 1155 925 Octaviae
1182 860 1336 925 incolumi

294 964 472 1049 Agrippina
508 963 595 1028 haud
627 982 759 1048 sperans
794 964 913 1029 crebris
949 965 1239 1048 admirationibus,
1278 965 1336 1028 ali-

295 1067 422 1149 quando
456 1086 514 1151 per
545 1066 678 1131 facetias
711 1066 871 1132 incusaret
904 1067 1079 1152 principem
1114 1074 1146 1132 et
1177 1068 1344 1151 pupillum·

295 1177 431 1254 vocaret,
461 1171 514 1253 qui
540 1171 634 1235 iussis
660 1171 774 1236 alienis
801 1172 957 1236 obnoxius
985 1191 1048 1236 non
1078 1171 1172 1237 modo
1198 1172 1337 1256 imperii,

295 1274 352 1339 sed
374 1275 529 1339 libertatis
551 1275 646 1338 etiam
669 1274 835 1357 indigeret.
873 1295 930 1340 our
952 1277 1036 1340 enim
1064 1276 1184 1339 differri
1205 1277 1338 1359 nuptias

296 1379 391 1444 suas?
414 1378 548 1442 formam
571 1379 690 1443 scilicet
712 1378 879 1462 displicere
903 1386 935 1443 et
949 1380 1159 1463 triumphales
1180 1399 1267 1463 avos,
1291 1401 1336 1444 an

296 1482 522 1548 fecunditatem
546 1489 578 1548 et
599 1469 711 1546 verum
734 1484 897 1547 animum?
921 1484 1033 1565 timeri,
1057 1504 1097 1548 ne
1120 1505 1199 1549 uxor
1221 1485 1337 1548 saltem

295 1586 427 1651 iniurias
458 1593 591 1669 patrum,
622 1586 701 1650 iram
732 1587 841 1670 populi
870 1587 1023 1652 adversus
1053 1588 1233 1671 superbiam
1261 1607 1337 1652 ava·

296 1691 464 1772 ritiamque
487 1690 596 1754 matris
618 1691 747 1774 aperiat.
778 1689 862 1773 quod
884 1691 912 1755 si
933 1712 1049 1755 nurum
1072 1691 1248 1775 Agrippina
1270 1713 1337 1757 non

296 1795 358 1859 nisi
381 1793 444 1858 filio
470 1793 620 1859 infestam
646 1794 728 1859 ferre
757 1801 872 1879 posset,
902 1794 1087 1859 redderetur
1108 1795 1179 1880 ipsa
1201 1794 1338 1861 Othonis

297 1898 457 1979 coniugio:
491 1898 606 1962 ituram
637 1918 763 1981 quoquo
792 1905 956 1981 terrarum,
991 1899 1046 1964 ubi
1078 1899 1202 1963 audiret
1232 1899 1338 1982 potius

296 2002 503 2068 contumelias
528 2002 728 2085 imperatoris
755 2021 850 2083 quam
876 2002 994 2067 viseret
1023 2003 1171 2086 periculis
1197 2004 1264 2067 eius
1290 2003 1338 2067 in-

296 2107 405 2172 mixta.
445 2105 523 2171 haec
550 2112 646 2188 atque
673 2106 750 2171 talia
776 2105 915 2171 lacrimis
942 2113 973 2171 et
999 2112 1066 2171 arte
1093 2105 1257 2172 adulterae
1283 2125 1338 2190 pe·

296 2212 456 2276 netrantia
482 2231 575 2277 namo
601 2210 800 2296 prohibebat,
832 2210 1032 2295 cupientibus
1058 2211 1179 2275 cunctis
1205 2210 1338 2291 infringi

296 2317 471 2400 potentiam
505 2314 615 2379 matris
646 2322 678 2378 et
707 2314 855 2379 credente
885 2315 973 2379 nullo
1002 2334 1102 2395 usque
1132 2315 1172 2378 ad
1204 2314 1337 2379 caedem

298 2421 366 2486 eius
388 2419 540 2486 duratura
561 2419 619 2483 filii
641 2419 722 2484 odia.

402 2524 432 2587 2.
466 2521 578 2587 Tradit
606 2522 735 2587 Cluvius
770 2522 881 2587 ardore
915 2522 1100 2587 retinendae
1127 2522 1337 2606 Agrippinam

132 2600 279 2726 „mmm
296 2627 456 2712 potentiae
483 2645 647 2708 eousque
677 2626 868 2709 provectam,
899 2632 934 2689 ut
963 2625 1068 2690 medio
1099 2625 1171 2708 diei,
1203 2646 1273 2690 cum
1300 2624 1336 2689 id

297 2731 449 2814 temporis
470 2729 554 2794 Nero
576 2749 634 2812 per
654 2730 764 2796 vinum
787 2735 818 2794 et
838 2730 949 2813 epulas
971 2729 1184 2815 incalesceret,
1209 2729 1338 2794 offerret

298 2854 332 2899 se
356 2834 482 2918 saepius
504 2834 676 2899 temulento
699 2840 858 2916 comptam
881 2841 913 2898 et
935 2834 1056 2898 incesto
1079 2841 1231 2917 paratam.
1260 2833 1337 2897 iam-

299 2957 359 3021 que
385 2937 506 3001 lasciva
533 2937 641 3001 oscula
667 2943 698 3001 et
724 2938 927 3020 praenuntias
953 2935 1066 3019 flagitii
1087 2936 1260 3002 blanditias
1282 2935 1338 3000 ad·

297 3040 480 3105 notantibus
495 3040 657 3124 proximis,
680 3039 835 3105 Senecam
851 3047 961 3104 contra
975 3041 1145 3104 muliebres
1159 3040 1337 3106 inlecebras

298 3143 474 3208 subsidium
497 3163 517 3206 a
538 3142 657 3208 femina
678 3144 839 3228 petivisse,
870 3143 1097 3226 inmissamque
1120 3143 1221 3207 Acten
1244 3142 1336 3208 liber·-

297 3256 374 3332 tam,
403 3267 485 3331 quae
508 3247 600 3312 simul
623 3268 679 3312 suo
702 3248 841 3332 periculo
868 3254 900 3311 et
922 3246 1055 3311 infamia
1081 3247 1216 3312 Neronis
1238 3248 1337 3312 auxia

298 3352 434 3417 deferret
457 3352 677 3436 pervulgatum
701 3371 772 3416 esse
787 3352 940 3415 incestum
963 3352 1118 3433 gloriante
1142 3358 1251 3433 matre,
1276 3372 1337 3417 uec

297 3457 485 3523 toleraturos
517 3456 631 3520 milites
660 3455 786 3539 profani
814 3454 966 3540 principis
995 3455 1170 3540 imperium.
1216 3455 1335 3520 Fabius

298 3561 445 3625 Rusticus
460 3580 524 3624 non
539 3558 743 3643 Agrippinae,
767 3558 824 3623 sed
837 3558 956 3622 Neroni
971 3559 1112 3642 cupitum
1135 3560 1168 3623 id
1182 3566 1362 3627 memorat.

299 3665 503 3745 eiusdemque
529 3663 662 3728 libertae
690 3669 760 3728 astu
788 3661 962 3727 disiectum.
1002 3663 1059 3728 sed
1087 3684 1168 3744 quae
1196 3662 1334 3745 Cluvius

298 3769 412 3834 eadem
438 3767 534 3831 ceteri
561 3787 686 3849 quoque
715 3772 859 3831 auctores
888 3765 1066 3851 prodidere,
1097 3773 1129 3831 et
1156 3766 1243 3831 fama
1273 3766 1335 3830 huc

297 3872 438 3952 inclinat,
469 3890 526 3935 seu
555 3872 698 3955 concepit
725 3871 831 3936 animo
857 3878 980 3935 tantum
1007 3871 1203 3936 inmanitatis
1225 3870 1335 3954 Agrip·
