2984 4275
523 166 593 221 au.
606 182 629 220 ο.
642 169 702 223 soc.
726 182 752 235 p.
766 166 829 220 chr.
842 171 883 223 51.
1179 151 1223 215 45

181 340 215 403 in
242 340 417 404 subsidium
444 341 565 421 equites
594 360 666 404 cum
695 340 856 424 praefecto
884 341 990 406 Curtio
1017 341 1134 408 Severo
1161 349 1222 407 tur·

180 445 307 527 bantur,
336 443 420 527 quod
440 443 509 507 duri
536 444 653 509 circum
680 444 740 508 loci
767 444 991 528 peditibusque
1018 445 1060 509 ad
1082 466 1223 529 pugnam

180 546 288 611 idonei
304 553 448 630 equestre
471 548 623 632 proelium
645 548 733 613 haud
752 549 962 632 patiebantur.
987 550 1060 615 dein
1076 571 1132 616 rex
1155 552 1223 617 cius

180 672 256 718 orae
283 653 456 718 Antiochus
482 653 708 718 blandimentis
737 654 907 718 adversum
940 655 1075 737 plebem,
1107 655 1222 721 fraude

180 758 214 821 in
237 756 352 822 ducem
375 776 446 821 cum
468 757 673 823 barbarorum
690 757 796 842 copias
812 757 1017 842 dissociasset,
1041 760 1221 825 Troxobore

181 861 354 945 paucisque
384 860 571 944 primoribus
597 860 770 926 interfectis
797 868 917 926 ceteros
946 863 1114 927 clementia
1140 883 1221 928 com·

180 965 295 1050 posuit.
951 981 954 989 ·

286 1069 338 1133 56.
362 1068 427 1134 Sub
450 1069 535 1133 idem
557 1075 681 1154 tempus
695 1070 779 1135 inter
792 1071 897 1133 lacum
912 1069 1066 1134 Fucinum
1081 1092 1220 1136 amnem·
1251 1081 1388 1135 mortius

181 1195 242 1257 que
270 1174 367 1238 Lirim
394 1180 541 1259 perrupto
568 1182 686 1257 monte,
718 1194 781 1256 quo
808 1174 1043 1256 magnificentia
1069 1175 1173 1258 operis
1199 1152 1393 1274 affiufflffi,

180 1278 322 1361 pluribus
344 1279 505 1361 viseretur,
533 1278 605 1342 lacu
627 1278 659 1341 in
683 1278 753 1362 ipso
775 1279 890 1342 navale
913 1278 1065 1361 proelium
1089 1278 1219 1343 adorna·

179 1388 239 1466 tur,
263 1389 298 1447 ut
321 1381 480 1465 quondam
499 1383 661 1464 Augustus
683 1388 800 1447 structo
823 1389 910 1446 trans
932 1382 1073 1447 Tiberim
1095 1390 1218 1466 stagno,

180 1486 236 1551 sed
258 1486 382 1552 levibus
404 1486 541 1568 navigiis
568 1493 600 1550 et
623 1486 743 1551 minore
766 1486 856 1569 copia
878 1485 1030 1551 ediderat.
1069 1486 1219 1552 Claudius

178 1591 322 1654 triremes
350 1590 627 1673 quadriremesque
655 1596 687 1653 et
714 1589 914 1672 undeviginti
939 1590 1104 1654 hominum
1131 1591 1220 1655 milia

179 1694 324 1777 armavit,
353 1694 456 1758 cincto
483 1694 602 1758 ratibus
629 1691 760 1776 ambitu,
789 1712 829 1756 nc
852 1713 936 1773 vaga
965 1693 1083 1774 effugia
1105 1693 1218 1777 forent,

179 1817 217 1861 ac
239 1804 346 1861 tamen
371 1797 506 1881 spatium
528 1797 694 1880 amplexus
721 1795 764 1859 ad
786 1796 852 1860 vim
879 1796 1013 1878 remigii,
1042 1797 1219 1879 gubernan·
1280 1781 1281 1784 ¹

178 1901 259 1965 tium
282 1906 373 1982 artes,
396 1900 532 1985 impetus
555 1900 685 1965 navium
708 1907 739 1964 et
764 1899 881 1983 proelio
904 1899 1006 1965 solita.
1043 1900 1077 1963 in
1099 1900 1219 1966 ratibus

179 2004 403 2088 praetoriarum
426 2004 601 2069 cohortium
628 2003 783 2088 manipuli
809 2010 997 2085 turmaeque
1019 2003 1217 2088 adstiterunt,

178 2108 363 2193 antepositis
385 2108 639 2193 propugnaculis,
663 2127 704 2172 ex
720 2107 790 2189 quis
806 2107 988 2191 catapultae
1011 2106 1218 2190 ballistaeque

178 2212 391 2277 tenderentur.
419 2213 541 2293 reliqua
557 2212 644 2276 lacus
666 2211 819 2277 classiarii
842 2211 933 2276 tectis
948 2211 1084 2275 navibus
1100 2211 1219 2276 obtine·
1323 2214 1330 2225 ‘

178 2317 265 2381 bant.
289 2316 374 2399 n'pas
388 2324 420 2381 et
435 2316 530 2380 colles
554 2315 770 2396 montiumque
793 2315 879 2380 edita
902 2316 935 2379 in
953 2315 1081 2379 modum
1104 2315 1218 2379 theatri

179 2419 347 2484 multitudo
369 2420 536 2484 innumera
561 2419 740 2503 complevit,
765 2418 917 2502 proximis
943 2438 960 2482 e
985 2418 1164 2502 municipiis
1187 2424 1218 2483 et

178 2523 232 2588 alii
258 2523 337 2587 urbe
366 2543 406 2587 ex
433 2523 511 2607 ipsa,
539 2523 662 2588 visendi
691 2522 839 2607 cupidine
865 2531 920 2588 aut
947 2522 1050 2588 officio
1077 2522 1110 2587 in
1136 2524 1218 2607 prin-

178 2627 291 2710 cipem.
313 2626 382 2709 ipse
403 2626 521 2709 insigni
541 2625 768 2710 paludamento
792 2647 896 2707 neque
918 2627 1027 2709 procul
1042 2626 1218 2711 Agrippina

178 2730 347 2813 chlamyde
369 2738 480 2795 aurata
502 2730 699 2815 praesedere.
724 2737 901 2814 pugnatum
921 2749 1113 2811 quamquam
1135 2730 1218 2795 inter

177 2840 284 2898 sontes
306 2834 434 2898 fortium
449 2834 586 2897 virorum
608 2833 723 2918 animo,
748 2854 786 2898 ac
808 2840 879 2917 post
901 2834 1035 2898 multum
1050 2834 1217 2898 vulnerum

177 2937 331 3004 occidioni
354 2938 493 3021 exempti
519 2944 600 3003 sunt.

224 3048 228 3057 '
282 3042 334 3106 57.
359 3040 423 3106 Sed
446 3042 586 3126 perfeeto
602 3041 783 3125 spectaculo
805 3049 950 3125 apertum
969 3061 1123 3124 aquarum
1145 3041 1214 3106 iter.
1273 3051 1356 3104 &aaut

176 3145 298 3211 incuria
312 3145 416 3230 operis
431 3145 599 3210 manifesta
615 3145 683 3227 fuit,
708 3145 795 3209 haud
817 3146 894 3211 satis
909 3145 1051 3228 depressi
1065 3145 1108 3209 ad
1127 3146 1215 3210 lacus
1233 3120 1391 3242 ⁸²¹1,”,{‘„}¹¹¹'

176 3249 241 3313 ima
263 3250 314 3314 vel
337 3248 451 3314 media.
491 3268 599 3331 eoque,
629 3256 769 3333 tempore
791 3250 965 3332 interiecto,
993 3250 1088 3314 altius
1111 3251 1216 3317 effossi
1255 3259 1292 3303 ³2⁶
1306 3259 1368 3304 &aa
1487 3270 1489 3275 ’

177 3373 298 3437 specus,
326 3360 358 3418 et
380 3353 615 3418 contrahendae
637 3374 759 3419 rursum
787 3354 979 3419 multitudini
1006 3353 1214 3436 gladiatorum

176 3459 392 3541 spectaculum
404 3459 516 3540 editur,
528 3458 636 3523 inditis
647 3458 798 3543 pontibus
812 3458 991 3541 pedestrem
1006 3457 1048 3521 ad
1063 3478 1214 3542 pugnam.

176 3562 252 3644 quin
276 3569 307 3627 et
329 3562 510 3626 convivium
537 3561 665 3627 effluvio
697 3563 785 3626 lacus
811 3562 989 3644 adpositum
1017 3581 1135 3643 magna
1157 3561 1216 3626 for-

177 3666 296 3731 midine
326 3673 456 3731 cunctos
485 3665 612 3746 adiecit,
645 3666 719 3747 quia
749 3666 798 3730 vis
827 3685 980 3748 aquarum
1010 3684 1216 3748 prorumpens

175 3770 320 3854 proxima
346 3769 503 3854 trahebat,
534 3770 692 3835 convulsis
718 3769 918 3834 ulterioribus
949 3773 1004 3831 aut
1033 3767 1157 3850 fragore
1184 3776 1216 3834 et

175 3874 280 3939 sonitu
311 3874 476 3940 exterritis.
515 3873 607 3938 simul
634 3874 807 3957 Agrippina
833 3871 1043 3955 trepidatione
1065 3871 1227 3956 principis·
