2984 4275
507 224 531 262 a.
545 207 578 262 c.
591 223 614 261 ο.
628 210 687 264 sor.
710 225 736 276 p.
751 208 814 261 cur.
826 212 868 265 rs.
1166 190 1206 254 19

166 391 253 447 retur
279 382 374 464 vocis,
404 403 466 466 qua
493 402 526 446 se
557 381 730 447 obnoxium
763 383 856 447 iussis
885 383 1074 447 Messalinae
1104 382 1206 447 dedis·
1266 395 1348 473 nerra

166 495 229 551 set:
258 486 328 551 aliis
355 487 523 568 largitione
550 494 605 551 aut
636 486 704 570 spei
734 487 963 570 magnitudine,
992 487 1053 551 sibi
1084 507 1124 551 ex
1154 507 1207 551 ne·
1232 462 1376 578 ''lgm‘'

165 592 315 656 cessitate
344 591 482 676 culpam,
511 610 571 655 nec
598 592 746 675 cuiquam
774 598 848 656 ante
875 591 1072 675 pereundum
1098 591 1387 675 fuissentsummum

166 696 194 761 si
216 695 312 761 Silius
335 716 438 760 rerum
461 702 630 779 poteretur.
669 703 861 761 commotum
883 696 933 760 his
957 704 988 761 et
1010 716 1143 780 pronum
1165 695 1208 760 ad
1243 671 1367 725 mmmm·

166 799 414 864 miscricordiam
429 800 596 864 Caesarem
619 800 785 883 perpulere
807 800 921 884 liberti,
946 820 986 864 ne
1006 806 1052 865 tct
1073 800 1207 865 inlustri-

73 905 81 916 ’
166 905 226 968 bus
259 903 335 968 viris
368 903 543 967 interiectis
576 903 721 968 histrioni
754 903 983 968 consuleretur:
1022 909 1133 987 sponte
1166 924 1208 967 an

167 1014 294 1072 coactus
317 1014 382 1072 tam
406 1028 523 1091 magna
545 1009 751 1092 peccavisset,
775 1009 856 1073 nihil
878 1008 1005 1073 referre.
1037 1029 1078 1074 ne
1100 1009 1209 1073 Trauli

166 1113 297 1194 quidem
319 1112 462 1178 Montani
484 1111 599 1195 equitis
622 1114 757 1177 Romani
780 1113 923 1177 defensio
946 1120 1075 1196 recepta
1097 1120 1153 1177 est.
1181 1114 1208 1178 is

167 1217 312 1281 modesta
326 1218 467 1298 iuventa,
480 1216 538 1280 scd
553 1236 681 1300 corpore
697 1217 824 1301 insigni,
842 1217 961 1281 accitus
976 1219 1058 1281 ultro
1073 1223 1208 1282 noctem-

166 1340 229 1402 que
255 1322 339 1385 intra
368 1341 465 1384 unam
492 1341 513 1383 a
542 1321 711 1385 Messalina
737 1322 938 1405 proturbatus
969 1330 1045 1403 erat,
1080 1322 1208 1405 paribus

166 1425 304 1489 lasciviis
332 1424 373 1488 ad
400 1424 581 1507 cupidinem
609 1433 640 1489 et
668 1424 806 1491 fastidia.
846 1424 956 1490 Suillio
979 1426 1154 1491 Caesonino
1178 1432 1209 1490 et

167 1529 291 1593 Plautio
306 1529 463 1594 Laterano
479 1548 562 1593 mors
577 1529 756 1613 remittitur,
780 1530 854 1593 huic
870 1531 910 1595 cb
926 1531 1031 1614 patrui
1046 1530 1207 1613 egregium

167 1633 326 1696 meritum:
355 1631 550 1697 Caesoninus
583 1632 668 1697 vitiis
695 1639 853 1716 protectus
887 1641 945 1717 est,
977 1640 1140 1717 tamquam
1173 1636 1206 1699 in

168 1737 221 1800 illo
245 1737 426 1801 foedissimo
450 1745 541 1801 coetu
563 1758 675 1821 passus
698 1738 872 1803 muliebria.

272 1842 324 1905 37.
362 1841 493 1906 Interim
523 1842 696 1906 Messalina
727 1842 922 1907 Lucullianis
948 1845 981 1907 in
1011 1843 1109 1907 hortis
1139 1864 1207 1927 pro·
1252 1861 1299 1905 snt
1319 1862 1354 1906 re

167 1945 270 2010 latare
301 1945 414 2028 vitam,
443 1966 629 2030 componere
663 1966 783 2029 preces
818 1948 970 2012 nonnulla
1000 1968 1056 2031 spe
1091 1954 1123 2011 et
1152 1948 1206 2011 ali·
1243 1932 1367 2053 {mg

168 2049 295 2130 quando
317 2050 377 2113 ira:
401 2056 525 2114 tanturn
547 2051 630 2114 inter
649 2056 792 2114 extrema
815 2052 982 2133 superbiae
1004 2051 1145 2132 gerebat.
1169 2071 1207 2115 ac
1226 2070 1383 2114 tremamus

167 2155 200 2217 ni
216 2154 348 2219 caedem
364 2156 432 2219 eius
447 2156 612 2219 Narcissus
635 2155 877 2238 properavisset,
901 2162 1038 2220 verterat
1052 2157 1207 2239 pernicies
1265 2140 1342 2191 ueta

166 2259 200 2322 in
223 2266 446 2323 accusatorem.
476 2280 551 2323 uam
573 2258 723 2324 Claudius
746 2258 875 2323 domum
897 2279 1056 2340 regressus
1078 2266 1110 2324 et
1132 2267 1207 2324 tem·
1303 2336 1306 2342 ¹

167 2362 298 2445 pestivis
332 2363 433 2445 epulis
465 2362 633 2444 delenitus
671 2363 726 2427 ubi
760 2364 835 2427 vino
869 2363 1009 2446 incaluit,
1048 2363 1087 2427 iri
1120 2365 1207 2430 iubet

166 2467 369 2547 nuntiarique
392 2466 524 2530 miserae
552 2467 625 2551 (hcc
651 2468 736 2531 enim
759 2466 857 2531 verbo
887 2487 979 2531 usum
1010 2468 1138 2552 ferunt),
1163 2469 1207 2533 di-

167 2571 303 2634 cendam
325 2570 367 2634 ad
390 2589 518 2634 oausam
540 2577 666 2653 postera
689 2569 740 2634 die
764 2571 898 2637 adesset.
937 2571 1021 2652 quod
1044 2572 1098 2637 ubi
1121 2573 1206 2638 audi-

166 2681 234 2738 tum
266 2683 298 2739 et
324 2675 530 2757 languescere
560 2674 617 2758 ira,
645 2673 747 2738 redire
775 2696 863 2740 amor
892 2696 939 2759 ac,
970 2678 997 2741 si
1025 2686 1206 2742 cunctaren-

143 2786 226 2860 -tur,
250 2779 427 2862 propinqua
449 2799 513 2842 nox
536 2786 568 2844 et
591 2780 694 2843 uxorii
722 2779 858 2843 cubiculi
881 2783 1032 2845 memoria
1054 2782 1206 2847 timeban-

165 2891 227 2965 tur,
258 2882 433 2966 prorumpit
461 2884 627 2947 Narcissus
659 2882 886 2965 denuntiatque
913 2885 1148 2951 centurionibus
1175 2894 1206 2951 et

165 2988 303 3069 tribuno,
335 2989 390 3068 qui
419 2986 539 3071 aderat,
570 2988 702 3069 exsequi
732 2987 877 3053 caedem:
908 2989 954 3052 ita
985 2990 1206 3073 imperatorem

166 3091 285 3157 iubere.
310 3098 414 3156 custos
437 3098 468 3156 et
490 3100 618 3156 exactor
640 3112 658 3156 c
679 3091 802 3157 libertis
828 3093 956 3159 Euodus
979 3094 1080 3160 datur.
1117 3097 1206 3177 isque

165 3197 282 3280 raptim
308 3196 341 3259 in
368 3196 474 3260 hortos
500 3216 702 3279 praegressus
729 3199 868 3281 repperit
897 3198 1000 3263 fusam
1027 3199 1124 3281 humi,
1153 3200 1205 3264 ad-

165 3301 291 3365 sidente
325 3307 431 3364 matre.
458 3300 589 3384 Lepida,
627 3321 707 3383 quae
742 3300 866 3365 florenti
900 3301 984 3365 filiae
1017 3302 1104 3367 haud
1135 3324 1204 3368 con-

165 3423 235 3470 cors
258 3405 412 3488 supremis
435 3405 502 3469 eius
524 3405 763 3469 necessitatibus
785 3406 827 3468 ad
849 3406 1080 3471 miserationem
1103 3408 1205 3472 evicta

167 3516 235 3573 erat
269 3508 499 3589 suadebatque,
534 3528 574 3572 ne
612 3528 826 3591 percussorem
861 3510 1068 3592 opperiretur:
1106 3517 1204 3575 trans-

164 3614 227 3678 isse
262 3614 371 3695 vitam,
408 3633 513 3695 neque
550 3612 637 3676 aliud
674 3633 769 3694 quam
806 3613 901 3678 morti
934 3613 1030 3677 decus
1056 3634 1204 3695 quaeren-

165 3717 250 3782 dum.
283 3717 340 3781 sed
370 3717 475 3781 animo
506 3736 563 3799 per
588 3716 735 3781 libidines
762 3724 905 3800 corrupto
932 3716 1011 3780 nihil
1037 3718 1204 3783 honestum

165 3819 283 3905 inerat;
316 3821 529 3901 lacrimaeque
559 3827 590 3884 et
624 3827 752 3901 questus
784 3820 869 3884 inriti
900 3820 1102 3903 ducebantur,
1133 3842 1203 3885 cum

92 4013 95 4018 .
165 3923 286 4007 impetu
309 3925 504 3989 venientium
531 3924 639 4006 pulsae
666 3924 749 3988 fores
771 3923 954 4004 adstititque
981 3924 1125 3987 tribunus
1149 3944 1204 4006 per

1066 4027 1100 4075 23}
