2984 4275
474 192 498 231 a.
511 176 544 232 u,
557 192 581 230 e.
594 179 653 233 soc.
678 192 704 244 p.
717 175 781 231 cnr.
794 180 836 231 47.
1155 160 1175 223 3

100 363 103 367 “
134 358 168 418 et
191 350 305 435 Scipio,
328 343 411 415 ‘eum
426 346 523 415 idem'
545 350 648 431 inquit
670 343 722 415 ‘de
744 350 893 414 admissis
915 350 1084 434 Poppaeae
1108 369 1176 415 sen·

133 455 222 538 tiam,
247 453 331 535 quod
354 472 474 535 omnes,
491 460 601 537 putate
621 474 673 518 mc
688 453 774 518 idem
798 453 913 535 dicere,
937 453 1022 534 quod
1044 448 1174 537 omnes’,

135 558 277 642 eleganti
303 564 554 641 temperamento
584 550 668 639 inter
690 557 889 640 coniugalem
911 576 1052 621 amorem
1076 563 1108 621 et
1130 576 1176 621 se-

137 663 294 728 natoriam
315 661 549 726 necessitatem.

240 766 270 830 5.
305 764 480 830 Continuus
509 765 585 829 inde
607 772 639 829 et
661 784 776 830 saevus
799 765 989 829 accusandis
1012 765 1074 829 reis
1097 763 1176 829 Suil·
1207 781 1340 834 euersae

135 872 206 952 lius,
230 868 384 951 multique
406 869 559 936 audaciae
583 869 652 934 eius
674 869 805 953 aemuli;
829 890 905 933 nam
928 875 1042 933 cuncta
1068 869 1175 950 legum
1195 850 1349 966 mffilffi‘ss,

135 981 167 1038 et
190 973 432 1056 magistratuum
454 973 563 1037 munia
585 973 619 1037 in
638 991 671 1037 se
687 970 818 1037 trahens
841 973 989 1056 prinecps
1011 972 1177 1036 materiam
1211 990 1254 1035 ao
1268 991 1337 1035 eene

134 1075 312 1161 praedandi
346 1075 548 1160 patefecerat.
594 1096 654 1140 nec
685 1076 854 1158 quicquam
886 1076 1033 1160 publicae
1063 1076 1177 1140 mercis
1202 1058 1351 1182 {²32ssssss

127 1166 203 1245 'tam
234 1180 348 1245 venale
377 1180 436 1244 fuit
466 1199 562 1261 quam
595 1180 821 1245 advocatorum
854 1179 997 1263 perfidia,
1032 1179 1113 1245 adeo
1143 1185 1178 1243 ut
1254 1200 1290 1244 on

135 1284 272 1366 Samius,
296 1284 431 1366 insignis
454 1304 551 1366 eques
572 1285 744 1366 Romanus,
776 1285 1015 1367 quadringentis
1037 1304 1177 1348 nummo·
1203 1269 1245 1312 ¹⁰¹
1259 1268 1349 1312 Μ·

136 1409 207 1453 rum
231 1388 357 1462 milibus
372 1386 483 1453 Suillio
506 1388 588 1452 datis
610 1394 642 1453 et
658 1390 785 1471 cognita
806 1388 1078 1472 praevaricatione
1094 1388 1176 1452 ferro

136 1494 170 1557 in
194 1491 288 1558 domo
311 1493 380 1557 eius
410 1492 597 1557 incubuerit.
636 1494 733 1575 igitur
755 1493 928 1577 incipiente
951 1492 983 1557 O.
1007 1491 1084 1556 Silio
1107 1511 1177 1556 con-

136 1597 206 1661 sule
233 1595 410 1679 designato,
440 1596 530 1661 cuius
557 1595 598 1661 de
624 1597 767 1679 potentia
794 1604 825 1660 et
852 1596 948 1660 exitio
974 1596 1008 1660 in
1034 1591 1177 1678 tempore

136 1700 329 1783 memorabo,
349 1705 544 1782 consurgunt
557 1707 667 1783 patres
681 1699 849 1782 legemque
864 1700 1006 1764 Cinciam
1020 1698 1175 1783 flagitant,

139 1824 203 1886 qua
226 1810 358 1868 cavetur
373 1804 557 1886 antiquitus,
580 1823 622 1868 nc
646 1803 716 1886 quis
738 1804 780 1868 ob
804 1822 933 1868 causam
957 1802 1110 1867 orandam
1125 1822 1177 1886 pe·

139 1907 266 1971 cuniam
289 1906 449 1972 donumve
472 1908 616 1991 accipiat.

245 2011 273 2075 6.
305 2011 429 2075 Deinde
449 2011 703 2095 obstrepentibus
722 2011 771 2090 iis,
796 2011 909 2093 quibus
928 2030 968 2075 ea
987 2010 1179 2075 contumelia
1247 2029 1298 2073 aee

138 2116 321 2200 parabatur,
345 2114 464 2180 discors
479 2113 588 2180 Suillio
604 2113 699 2180 Silius
721 2114 837 2178 acriter
858 2113 1010 2197 incubuit,
1036 2119 1177 2180 veterum
1204 2097 1342 2213 liffiffi‘f

139 2225 299 2285 oratorum
322 2220 469 2304 exempla
491 2219 643 2301 referens,
668 2220 722 2302 qui
744 2218 863 2283 famam
880 2225 912 2283 et
925 2225 1069 2302 posteros
1090 2237 1179 2302 prae·
1222 2234 1328 2288 ursata.

140 2323 206 2388 mia
228 2323 429 2405 eloquentiae
451 2324 686 2406 cogitavissent.
714 2321 960 2406 pulcherrimam
984 2322 1124 2403 alioquin
1147 2330 1180 2387 et

140 2427 295 2491 bonarum
322 2428 437 2491 artium
463 2428 639 2511 principem
668 2426 804 2492 sordidis
831 2427 1012 2491 ministeriis
1039 2426 1176 2510 foedari;

139 2551 181 2596 ne
218 2530 315 2595 fidem
353 2530 480 2614 quidem
521 2532 677 2614 integram
715 2549 875 2621 manere„
901 2531 956 2596 ubi
992 2531 1178 2614 magnitudo

140 2641 329 2717 quaestuum
353 2641 521 2720 spectetur
557 2636 669 2718 quodsi
690 2635 723 2699 in
746 2634 862 2699 nullius
884 2635 1062 2699 mercedem
1085 2655 1178 2718 nego·

141 2740 188 2803 tia
207 2746 351 2821 agantur,
368 2740 519 2824 pauciora
534 2739 614 2804 fore:
638 2759 723 2804 nunc
737 2739 926 2820 inimicitias,
951 2740 1177 2822 accusationes,

142 2842 216 2908 odia
239 2849 271 2907 et
284 2844 416 2908 iniurias
438 2843 548 2925 foveri,
572 2851 607 2907 ut
623 2864 685 2926 quo
700 2844 794 2908 modo
809 2844 859 2908 vis
874 2842 1053 2907 morborum
1075 2844 1179 2926 pretia

141 2946 351 3030 medentibus,
376 2947 421 3012 sie
436 2947 497 3012 fori
519 2948 610 3012 tabes
624 2948 793 3031 pecuniam
815 2947 979 3011 advocatis
1000 2945 1092 3011 ferat
1116 2965 1179 3010 me-

140 3049 309 3115 minissent
330 3049 363 3115 O.
377 3051 489 3134 Asinii,
512 3050 553 3116 M.
566 3050 735 3115 Messallae
758 3071 796 3115 ac
818 3051 1027 3115 recentiorum
1038 3050 1179 3114 Arruntii

141 3161 174 3217 et
199 3153 381 3218 Aesernini:
414 3152 456 3217 ad
489 3173 614 3218 summa
640 3160 807 3237 provectos
840 3154 1023 3237 incorrupta
1051 3154 1118 3217 vita
1147 3159 1179 3217 et

140 3255 302 3321 facundia.
325 3257 403 3321 talia
425 3256 553 3321 dicente
569 3257 698 3321 consule
714 3257 888 3340 designato,
912 3257 1179 3321 consentientibus

140 3361 221 3442 aliis,
252 3361 426 3444 parabatur
448 3361 617 3443 sententia,
646 3379 709 3443 qua
731 3361 804 3443 lege
826 3360 1073 3444 repetundarum
1093 3367 1179 3424 tene·

140 3471 258 3547 rentur,
291 3485 363 3529 cum
390 3464 520 3531 Suillius
547 3472 579 3530 et
604 3465 811 3530 Cossutianus
837 3472 869 3529 ct
895 3465 1001 3546 ceteri,
1033 3465 1087 3547 qui
1115 3484 1179 3528 non

140 3568 302 3650 iudicium,
326 3568 443 3652 quippe
465 3570 499 3632 in
521 3568 714 3653 manifestos,
737 3569 794 3633 sed
816 3588 952 3653 poenam
975 3568 1072 3632 statui
1094 3566 1179 3631 vide·

140 3673 229 3756 bant,
254 3672 487 3738 circumsistunt
509 3672 688 3754 Caesarem,
712 3678 786 3737 ante
808 3678 881 3737 acta
903 3672 1120 3756 deprecantes.

247 3776 276 3841 7.
316 3776 357 3839 Et
387 3782 555 3859 postquam
590 3775 715 3858 adnuit,
750 3794 846 3858 agere
880 3775 1049 3858 incipiunt:
1085 3792 1177 3854 quem
1211 3787 1254 3832 aa
1267 3787 1341 3839 carte

139 3879 231 3945 illum
261 3885 352 3943 tanta
382 3880 530 3964 superbia
560 3899 639 3960 esse,
671 3885 706 3942 ut
735 3879 958 3944 aeternitatem
987 3877 1092 3941 famae
1122 3895 1179 3959 spe
1213 3858 1332 3968 ἑζῗξήᾞι

1043 3979 1076 4029 ΓΙ
