2984 4275
87 1515 97 1533 ν
174 1502 227 1546 tritt

141 1571 260 1624 urtaquur

130 1641 174 1684 unt
189 1637 270 1692 pilum

298 153 340 217 32
525 173 574 227 Ab
594 188 710 227 excessu
727 173 761 226 D.
775 173 901 243 Augusti
919 174 976 227 XII
995 177 1106 230 29-33.

296 344 492 429 interposuit,
523 354 624 413 tutum
647 347 773 412 Vannio
800 348 979 433 perfugium
1002 348 1196 432 promittens
1224 350 1252 414 si
1273 352 1336 434 pel·

296 450 424 534 leretur3
449 452 635 535 scripsitque
651 452 804 535 Palpellio
820 452 936 535 Histro,
961 453 1014 535 qui
1035 453 1232 517 Pannoniam
1249 475 1337 538 prae-

296 554 429 636 sidebat,
457 554 614 637 legionem
641 556 774 639 ipsaque
797 576 815 620 e
838 556 1000 639 provincia
1027 556 1111 620 lecta
1138 556 1258 621 auxilia
1278 579 1335 641 pro

295 657 365 741 ripa
398 679 592 743 componere,
632 659 772 724 subsidio
806 660 898 725 victis
932 667 964 723 ct
997 666 1146 724 terrorem
1183 661 1336 727 adversus

295 761 439 846 victores,
468 783 509 827 ne
532 763 657 828 fortuna
680 763 755 827 elati
783 770 921 828 nostram
945 784 1069 847 quoque
1096 784 1208 847 pacem
1231 767 1336 831 turba-

295 871 374 930 rent.
398 887 472 930 nam
488 867 536 932 vis
559 867 735 950 innumera,
759 868 854 951 Lugii
873 867 1019 950 aliaeque
1041 874 1161 952 gentes,
1185 868 1337 934 adventa-

296 970 384 1052 bant,
407 970 494 1035 fama
516 972 591 1036 ditis
613 972 712 1054 regui,
737 972 822 1054 quod
837 972 982 1036 Vannius
1005 972 1136 1054 triginta
1158 992 1214 1056 per
1235 994 1336 1039 annos

295 1073 555 1156 praedationibus
571 1082 603 1139 et
618 1074 830 1157 vectigalibus
845 1084 988 1141 auxerat.
1004 1075 1067 1159 ipsi
1083 1097 1195 1142 manus
1210 1078 1337 1161 propria

295 1177 427 1262 pedites,
455 1199 551 1261 eques
580 1200 597 1244 e
624 1179 779 1245 Sarmatis
806 1180 976 1263 Iazugibus
1003 1187 1079 1263 erat,
1108 1180 1210 1264 impar
1235 1182 1336 1245 multi-

296 1280 399 1345 tudini
422 1281 570 1365 hostium,
594 1304 695 1366 eoque
719 1284 858 1348 castellis
881 1304 950 1349 sese
966 1283 1131 1349 defensare
1154 1285 1335 1368 bellumque

296 1386 411 1450 ducere
433 1392 593 1452 statuerat.

401 1490 453 1554 30.
477 1491 542 1555 Sed
563 1492 695 1574 Iazuges
718 1492 893 1557 obsidionis
908 1492 1110 1575 impatientes
1129 1499 1162 1556 et
1177 1493 1336 1575 proximos

297 1614 354 1677 per
381 1614 508 1678 campos
534 1596 610 1678 vagi
637 1596 901 1661 uecessitudinem
931 1616 1058 1679 pugnae
1087 1597 1229 1680 attulere,
1261 1597 1335 1679 quia

122 1709 279 1763 nostraquo
296 1698 415 1781 Lugius
438 1700 739 1783 Hermundurusque
762 1700 827 1764 illio
842 1701 1034 1783 ingruerant.
1057 1701 1153 1782 igitur
1167 1700 1336 1783 degressus

157 1780 243 1826 (debut.

183 2755 218 2807 {ru

135 2823 265 2869 britannica

163 2894 239 2946 θεηταί

151 2963 252 3015 &bosut

136 3034 169 3078 tir
181 3035 268 3088 steort,

296 1803 433 1866 castellis
455 1803 598 1868 Vannius
625 1804 768 1868 funditur
789 1804 916 1888 proelio,
947 1824 1139 1886 quamquam
1167 1804 1261 1868 rebus
1282 1805 1336 1868 ad-

295 1906 395 1970 versis
418 1907 573 1990 laudatus,
602 1908 686 1991 quod
709 1915 740 1972 et
763 1929 903 1991 pugnam
927 1928 1025 1972 manu
1048 1907 1196 1992 capessiit
1219 1915 1251 1972 et
1273 1928 1337 1972 cor·

294 2030 370 2094 pore
400 2011 534 2077 adverso
560 2013 695 2077 vulnera
724 2012 857 2095 excepit.
897 2019 1036 2076 ceterum
1068 2011 1110 2075 ad
1140 2012 1274 2078 classem
1302 2012 1336 2075 iu

294 2114 440 2181 Danuvio
460 2117 673 2201 opperientem
695 2116 848 2202 perfugit3
871 2116 972 2182 secuti
994 2136 1068 2181 mox
1084 2115 1216 2182 clientes
1239 2123 1270 2181 et
1285 2136 1337 2181 ac·

295 2221 394 2304 ceptis
416 2221 500 2304 agris
522 2221 556 2286 in
579 2221 744 2286 Pannonia
767 2221 862 2286 locati
884 2229 966 2286 sunt.
995 2240 1128 2303 regnum
1151 2221 1274 2302 Vangio
1297 2241 1336 2286 ac

295 2323 369 2389 Sido
392 2324 475 2390 inter
497 2345 531 2390 se
553 2325 720 2409 partirere,
750 2325 880 2408 egregia
906 2325 1058 2389 adversus
1084 2344 1142 2389 nos
1164 2324 1236 2406 fide,
1264 2324 1334 2389 sub-

293 2428 392 2512 iectis,
416 2449 515 2494 suone
538 2449 579 2493 an
603 2429 722 2494 servitii
745 2430 884 2514 ingenio,
914 2430 989 2494 dum
1013 2428 1262 2512 adipiscerentur
1283 2428 1334 2494 do-

295 2532 492 2614 minationes,
527 2534 626 2596 multe
660 2533 800 2617 caritate,
836 2540 867 2598 et
900 2533 1018 2598 maiore
1051 2532 1133 2615 odio,
1167 2539 1334 2616 postquam

295 2635 403 2719 adepti
430 2644 510 2700 suut.

401 2740 453 2803 31.
483 2740 526 2803 At
547 2741 580 2803 in
604 2740 769 2804 Britannia
791 2742 826 2804 P.
850 2740 1006 2805 Ostorium
1028 2761 1085 2823 pro
1107 2747 1252 2823 praetore
1273 2745 1335 2803 tur-

296 2841 394 2908 bidae'
412 2844 464 2908 res
488 2864 650 2927 excepere,
679 2844 787 2909 effusis
814 2843 848 2908 in
874 2864 987 2928 agrum
1014 2843 1169 2908 sociorum
1192 2843 1334 2908 hostibus

296 2967 333 3011 eo
362 2947 538 3031 violentius,
574 2949 657 3030 quod
691 2969 808 3013 novum
842 2947 954 3012 ducem
989 2947 1130 3012 exercitu
1162 2947 1271 3029 ignoto
1302 2953 1335 3011 et

295 3059 408 3134 coepta
429 3050 533 3116 hieme
555 3051 671 3116 iturum
699 3053 826 3117 obviam
853 3073 916 3116 nou
943 3051 1102 3115 rebantur.
1140 3050 1193 3115 ille
1216 3069 1334 3132 gnarus

294 3153 403 3237 primis
423 3153 589 3219 eventibus
605 3161 723 3219 metum
739 3161 794 3218 aut
808 3153 958 3218 fiduciam
973 3154 1071 3236 gigni,
1095 3153 1174 3217 citas
1189 3152 1333 3218 cohortes

294 3258 376 3341 rapit
403 3266 443 3340 et,
467 3259 566 3323 caesis
589 3244 643 3341 qui
666 3258 855 3339 restiterant,
883 3257 1029 3322 disiectos
1057 3263 1264 3337 consectatus,
1291 3275 1333 3320 ne

294 3381 399 3427 rursus
423 3363 687 3445 conglobarentur
702 3362 889 3444 infensaque
912 3369 943 3425 et
964 3359 1064 3424 infida
1087 3380 1150 3444 pax
1170 3381 1234 3424 uon
1249 3358 1332 3443 duci,

295 3486 358 3530 uon
381 3467 472 3530 militi
495 3467 637 3549 requiem
661 3466 866 3550 permitteret,
891 3465 1165 3529 detraherearma
1180 3463 1333 3546 suspectis

295 3578 470 3653 cunctaque
494 3571 605 3636 castris
627 3572 773 3635 Avonam
800 3569 883 3633 inter
905 3575 937 3632 et
959 3568 1127 3634 Sabrinam
1149 3566 1262 3632 fluvios
1285 3586 1333 3631 co·

294 3673 404 3739 hibere
419 3682 520 3759 parat.
546 3674 632 3757 quod
645 3674 740 3758 primi
763 3673 852 3737 Iceni
873 3672 1024 3757 abnuere,
1048 3671 1156 3735 valida
1178 3691 1257 3753 gens
1273 3691 1333 3735 nec

294 3779 419 3863 proeliis
442 3780 571 3860 contusi,
600 3779 675 3861 quia
697 3778 879 3841 societatem
903 3785 1044 3841 nostram
1066 3775 1209 3840 volentes
1231 3794 1333 3839 acces·

295 3890 408 3948 serant.
447 3882 558 3965 hisque
592 3881 770 3947 auctoribus
803 3880 1023 3945 circumiectae
1056 3880 1199 3944 nationes
1229 3879 1332 3942 locum
