2984 4275
495 215 520 252 a.
532 199 566 254 U.
579 214 602 253 c.
615 201 675 257 818.
699 215 726 268 p.
739 199 803 255 Chr.
817 204 859 258 65.
1136 188 1199 252 143

258 371 311 438 58.
345 371 431 450 Quin
453 378 485 439 et
507 374 620 439 urbem
644 395 704 458 per
725 376 905 460 manipules
935 378 1094 462 occupatis
1117 398 1199 444 moe·
1238 394 1352 449 soona·

155 476 259 560 nibus,
288 478 410 543 insesso
432 479 531 543 etiam
555 480 635 544 mari
663 486 694 544 et
715 499 819 562 amne,
849 481 935 545 velut
961 481 995 545 in
1022 465 1373 587 0101011011ωῗζξῗξιξξῗεὴ

155 582 252 648 dedit
289 584 531 665 volitabantque
562 604 618 667 per
640 584 718 669 fora,
749 605 807 669 per
828 585 948 670 domes,
977 604 1051 650 rura
1074 605 1198 669 quoque
1234 602 1356 656 eattae

155 694 186 752 et
215 687 362 771 proxima
393 688 632 771 municipiorum
667 687 792 772 pedites
821 688 1016 771 equitesque,
1051 690 1200 773 permixti
1230 672 1365 795 mmm

155 793 334 875 Germanis,
366 794 481 876 quibus
507 792 630 858 fidebat
653 794 803 878 princeps
825 794 915 877 quasi
943 794 1090 859 externis.
1129 814 1199 859 een-
1267 811 1293 841 >
1332 773 1339 789 ’

154 897 244 963 tinua
270 897 344 962 hinc
373 904 405 962 et
427 898 535 963 vincta
561 898 692 980 agmina
719 897 804 962 trahi
830 917 869 963 ac
895 897 1015 963 foribus
1038 897 1199 963 hortorum

154 999 310 1066 adiacere.
357 1006 453 1082 atque
485 1000 540 1066 ubi
569 1000 739 1067 dicendam
773 1000 815 1065 ad
849 1021 979 1067 causam
1010 1001 1199 1083 introissent,

153 1106 309 1171 laetatum
332 1125 409 1190 erga
433 1106 612 1171 coniuratos
635 1112 668 1170 01
689 1105 839 1171 fortuitus
860 1124 963 1170 sermo
986 1112 1019 1171 et
1034 1105 1129 1170 subiti
1152 1125 1200 1170 oc·

153 1230 273 1294 cursus,
301 1210 328 1274 si
356 1209 546 1292 convivium,
569 1211 596 1274 si
617 1210 837 1294 spectaculum
858 1209 952 1274 simul
972 1210 1116 1293 inissent,
1144 1228 1201 1292 pro
1325 1243 1329 1251 ·

157 1314 290 1378 crimine
318 1314 431 1398 accipi,
462 1332 534 1378 cum
561 1332 668 1398 super>
682 1312 818 1378 Neronis
846 1333 886 1377 ao
911 1313 1060 1396 Tigellini
1088 1331 1201 1378 saevas

155 1417 416 1501 percontationes
438 1417 576 1482 Faenius
598 1436 725 1500 quoque
747 1416 849 1481 Rufus
867 1416 1023 1481 violenter
1043 1421 1201 1498 urgueret,

154 1521 298 1586 nondum
321 1520 364 1585 ab
387 1520 544 1614 indicibus
573 1522 763 1604 nominatus,
794 1528 912 1604 etque
937 1520 1036 1587 fidem
1057 1522 1199 1587 inscitiae

155 1631 292 1710 pararet,
324 1631 416 1691 atrox
443 1625 595 1690 adversus
623 1626 735 1691 socios.
773 1625 860 1690 idem
885 1625 999 1692 Subrio
1025 1626 1124 1692 Flavo
1145 1626 1199 1691 ad·

157 1731 282 1795 sistenti
304 1729 531 1813 adnuentique,
554 1750 597 1794 an
616 1731 700 1795 inter
714 1731 818 1813 ipsam
834 1729 1047 1813 cognitionem
1069 1730 1199 1796 destrin-

156 1840 245 1916 geret
267 1833 411 1916 gladium
427 1833 620 1916 caedemque
642 1840 794 1918 patraret,
817 1836 921 1900 renuit
938 1834 1129 1918 infregitque
1142 1836 1198 1900 im-

157 1943 268 2021 petum
289 1936 355 2002 iam
378 1956 508 2002 manum
530 1937 573 2001 ad
595 1938 744 2022 capulum
766 1938 940 2004 referentis.

260 2040 314 2106 59.
348 2041 459 2125 Fuere,
487 2042 542 2124 qui
565 2042 688 2126 prodita
716 2043 941 2127 coniuratione,
968 2044 1044 2109 dum
1071 2043 1197 2108 auditur
1266 2060 1319 2113 cite

154 2146 311 2230 Milichus,
343 2148 419 2213 dum
449 2147 575 2213 dubitat
605 2148 789 2231 Scaevinus,
821 2148 1021 2213 hortarentur
1049 2149 1195 2214 Pisonem
1214 2129 1371 2254 mm

155 2271 289 2336 pergere
309 2252 344 2316 in
359 2257 463 2317 castra
486 2259 541 2316 aut
555 2259 656 2316 rostra
678 2251 848 2317 escendere
870 2251 1038 2334 studiaque
1062 2252 1195 2316 militum
1241 2269 1344 2323 scortea

119 2349 123 2357 ’
156 2362 189 2420 01
210 2355 320 2439 populi
350 2362 516 2439 temptare.
554 2354 582 2421 si
608 2356 773 2421 conatibus
803 2357 870 2420 eius
897 2356 1015 2421 conscii
1042 2355 1195 2438 adgrega·
1238 2339 1348 2463 ‘W‘

155 2464 273 2542 rentur,
297 2465 458 2524 secuturos
481 2459 575 2523 etiam
598 2460 755 2542 integros3
788 2479 1000 2542 magnamque
1022 2465 1128 2524 motae
1149 2460 1196 2524 rei
1266 2479 1321 2525 ecia

154 2560 285 2643 famam,
317 2580 399 2644 quae
426 2563 597 2647 plurimum
617 2562 650 2626 in
673 2563 765 2628 novis
787 2563 925 2628 consiliis
947 2563 1076 2629 valeret.
1116 2562 1196 2628 nihil
1227 2549 1355 2603 aenaea

154 2663 326 2731 adversum
361 2665 441 2731 haec
473 2666 594 2731 Neroni
630 2665 800 2750 provisum.
850 2668 947 2731 etiam
983 2667 1080 2733 fortes
1112 2668 1195 2733 viros

155 2770 267 2837 subitis
296 2772 419 2854 terreri,
453 2769 572 2836 nedum
601 2770 655 2836 ille
684 2772 856 2855 scaenicus,
890 2771 1047 2854 'ligellino
1076 2771 1194 2837 scilicet

157 2896 229 2942 cum
252 2876 426 2961 paelicibus
449 2876 514 2941 suis
535 2875 714 2959 comitante,
737 2894 828 2939 arma
843 2882 953 2940 contra
967 2877 1072 2941 oieret.
1095 2876 1194 2940 multa

154 2979 349 3065 experiendo
387 2978 529 3062 confieri,
573 2999 655 3061 quae
691 2979 842 3062 segnibus
878 2978 980 3044 ardua
1017 2979 1192 3045 videantur.

154 3084 273 3150 frustra
300 3083 461 3150 silentium
491 3090 523 3147 et
549 3082 648 3147 fidem
673 3084 707 3147 in
734 3090 781 3148 tot
807 3082 1003 3148 consciorum
1025 3084 1140 3149 animis
1162 3089 1194 3148 et

154 3187 335 3272 serpenbus
358 3206 501 3272 sperare:
534 3187 685 3252 cruciatui
707 3195 763 3252 aut
787 3189 928 3272 praemio
949 3197 1064 3254 cuncta
1085 3191 1193 3273 pervia

154 3310 233 3356 esse.
257 3297 418 3373 venturos,
441 3291 496 3373 qui
515 3291 620 3374 ipsum
640 3311 766 3373 quoque
783 3292 950 3374 vincirent,
973 3299 1130 3375 postremo
1148 3293 1193 3358 in-

154 3393 253 3478 digna
267 3414 346 3460 nece
361 3394 545 3460 adficerent.
569 3402 686 3477 quanto
702 3395 891 3461 laudabilius
910 3397 1093 3481 periturum,
1116 3397 1192 3462 dum

153 3498 353 3583 amplectitur
374 3519 442 3564 rem
461 3499 628 3584 publicam,
652 3499 729 3565 dum
752 3501 872 3566 auxilia
893 3500 1030 3566 libertati
1050 3502 1190 3567 invocati

153 3601 243 3667 miles
265 3603 370 3687 potius
393 3602 519 3668 deesset
546 3610 578 3668 et
601 3604 711 3686 plebes
734 3603 903 3687 desereret,
934 3603 1010 3669 dum
1037 3606 1105 3690 ipse
1129 3626 1191 3670 ma·

151 3703 282 3789 ionibus,
309 3706 385 3771 dum
407 3707 549 3790 posteris,
576 3708 603 3772 si
625 3708 691 3772 uita
712 3709 953 3794 praeriperetur,
983 3716 1116 3774 mortem
1138 3710 1191 3774 ad-

152 3809 309 3892 probaret.
346 3812 486 3875 inmotus
512 3811 617 3876 biset
640 3811 805 3895 paululum
831 3813 866 3877 in
889 3812 1015 3897 publico
1038 3821 1189 3899 versatus,

153 3919 225 3997 post
247 3913 333 3979 domi
356 3919 506 3998 secretus,
529 3916 670 3980 animum
686 3915 855 3982 adversum
870 3936 1018 4001 suprema
1034 3917 1188 4002 firmabat,
