2984 4275
300 177 342 243 98
526 195 575 250 Ab
595 210 711 250 excessu
728 195 762 248 D.
775 194 900 264 Augusti
919 195 989 249 XIV
1007 198 1119 251 31—35.

299 368 388 434 dotes
410 368 515 454 specie
537 369 700 452 religionis
722 367 826 433 omnis
851 367 995 432 fortunas
1023 366 1241 433 effundebant.
1280 388 1340 433 nec

299 472 432 537 arduum
449 472 616 538 videbatur
631 471 816 537 exscindere
840 471 996 536 coloniam
1017 471 1114 536 nullis
1136 472 1340 538 munimentis

297 581 457 661 saeptam,
491 575 576 657 quod
609 575 743 640 ducibus
773 576 886 640 nostris
919 595 1032 658 parum
1065 575 1227 659 provisum
1261 583 1339 659 erat,

298 678 375 744 dum
398 681 583 744 amoenitati
605 680 692 763 prius
714 698 812 759 quam
833 679 905 743 usui
927 680 1106 745 consulitur.

141 797 266 851 moserano
402 782 454 847 32.
477 784 564 848 Inter
583 802 665 864 quae
688 783 776 847 nulla
797 783 906 866 palam
928 802 1025 847 causa
1047 781 1214 868 delapsum
1227 783 1340 848 Camu-

137 871 269 982 „ufffim
298 886 407 951 loduni
434 887 639 952 simulacrum
660 886 819 951 Victoriae
846 906 884 950 ac
910 894 993 951 retro
1020 907 1217 971 conversum,
1249 889 1340 970 quasi

171 1016 233 1052 som.
297 990 425 1063 cederet
446 990 597 1056 hostibus,
626 998 658 1056 et
680 990 819 1056 feminae
841 991 875 1054 in
899 990 1037 1056 furorem
1058 990 1205 1055 turbatae
1226 991 1339 1058 adesse

124 1076 278 1198 ,3¹ng
298 1095 428 1167 exitium
456 1096 623 1177 canebant,
652 1100 863 1177 externosque
890 1094 1034 1159 fremitus
1060 1094 1093 1158 in
1121 1095 1208 1159 curia
1229 1115 1339 1160 eorum

296 1197 435 1281 auditos3
467 1199 668 1264 consonuisse
694 1199 867 1264 ululatibus
893 1197 1053 1262 theatrum
1079 1198 1244 1281 visamque
1270 1219 1340 1284 spe-

296 1301 377 1366 ciem
398 1301 432 1365 in
455 1302 611 1366 aestuario
627 1303 783 1367 Tamesae
799 1301 969 1367 subversae
985 1301 1140 1386 coloniae,
1162 1303 1227 1367 iam
1242 1302 1340 1368 Ocea·

295 1424 355 1469 nus
378 1412 507 1470 cruento
529 1412 669 1490 aspectu,
698 1406 859 1471 dilabente
882 1411 973 1470 aestu
1001 1405 1211 1470 humanomm
1234 1426 1340 1490 corpo-

295 1528 365 1572 rum
388 1508 511 1592 effigies
533 1510 672 1592 relictae,
697 1516 732 1573 ut
755 1509 916 1574 Britannis
939 1508 981 1574 ad
996 1529 1096 1593 spem,
1120 1508 1165 1573 ita
1178 1510 1340 1575 veteranis

295 1611 338 1676 ad
360 1618 481 1676 metum
503 1612 721 1678 trahebantur.
745 1613 803 1679 sed
818 1614 893 1695 quia
907 1613 1017 1697 procul
1032 1612 1201 1678 Suetonius
1216 1614 1337 1696 aberat,

295 1716 437 1800 petivere
459 1737 480 1780 a
501 1716 579 1781 Cato
601 1717 742 1783 Deciano
765 1723 965 1801 procuratore
977 1716 1152 1781 auxilium.
1175 1716 1229 1782 ille
1252 1715 1339 1781 haud

227 1832 230 1839 ‘
296 1819 432 1902 amplius
453 1838 549 1901 quam
572 1818 723 1885 ducentos
745 1821 813 1884 sine
835 1820 925 1884 iustis
948 1819 1045 1885 armis
1065 1821 1163 1904 misit;
1187 1828 1220 1884 et
1234 1821 1338 1885 inerat

296 1923 421 1988 modica
444 1924 579 1988 militurn
602 1943 724 1989 manus.
759 1925 860 1988 tutela
882 1923 993 2007 templi
1015 1923 1089 1989 freti
1111 1931 1143 1987 et
1165 1923 1339 2007 impedien-

295 2026 390 2111 tibus,
418 2028 473 2110 qui
498 2028 614 2103 occulti
644 2027 826 2092 rebellionis
848 2026 967 2091 conscii
993 2027 1125 2091 consilia
1153 2027 1337 2112 turbabant,

295 2131 541 2214 nequefossam
563 2141 619 2197 aut
640 2132 760 2197 vallum
783 2130 1028 2216 praeduxerunt,
1051 2150 1155 2213 neque
1177 2131 1269 2197 motis
1291 2151 1339 2196 se·

295 2237 388 2302 nibus
410 2243 442 2302 et
456 2236 584 2302 feminis
606 2237 756 2301 iuventus
777 2236 844 2300 sola
865 2235 992 2300 restitit:
1016 2235 1107 2316 quasi
1129 2235 1236 2300 media
1257 2254 1338 2319 pace

294 2341 413 2406 incauti
435 2340 636 2405 multitudine
663 2340 872 2405 barbarorum
898 2338 1195 2404 circumveniuntur.
1235 2347 1267 2403 et
1289 2359 1338 2404 ce-

294 2450 362 2509 tera
384 2444 513 2525 quidem
535 2445 658 2528 impetu
680 2443 804 2526 direpta
826 2448 882 2506 aut
903 2442 1037 2507 incensa
1061 2450 1149 2506 sunt:
1172 2444 1336 2528 templum,

293 2548 328 2611 iu
355 2567 417 2629 quo
446 2567 481 2613 se
512 2547 602 2611 miles
631 2547 887 2630 conglobaverat,
918 2545 1015 2612 biduo
1046 2545 1212 2611 obsessum
1241 2567 1336 2631 expu-

293 2656 499 2732 gnatamque.
537 2657 569 2715 et
598 2652 699 2717 victor
728 2649 900 2715 Britannus
930 2649 1042 2715 Petilio
1071 2650 1196 2733 Ceriali,
1231 2651 1337 2733 legato

293 2754 428 2836 legionis
449 2774 563 2838 nonae,
587 2754 620 2818 in
643 2753 819 2819 subsidium
842 2754 1032 2818 adventanti
1054 2754 1167 2819 obvius
1190 2753 1273 2818 fudit
1294 2754 1337 2819 le-

294 2858 430 2942 gionem,
454 2864 487 2923 et
508 2858 592 2939 quod
615 2858 758 2943 peditum
780 2856 954 2922 interfecit:
977 2856 1109 2922 Cerialis
1131 2877 1204 2922 cum
1225 2857 1337 2938 equiti-

294 2960 354 3025 bus
381 2962 482 3026 evasit
507 2961 541 3026 in
568 2967 672 3027 castra
701 2968 734 3025 et
762 2960 966 3024 munimentis
996 2959 1146 3025 defensus
1176 2968 1233 3026 est.
1273 2979 1337 3041 qua

294 3062 385 3127 clade
407 3071 439 3128 et
462 3064 541 3129 odiis
563 3064 754 3149 provinciae,
782 3082 877 3145 quam
904 3063 1039 3128 avaritia
1066 3064 1134 3129 eius
1159 3063 1194 3128 in
1216 3064 1336 3129 bellum

295 3172 413 3251 egerat,
436 3167 578 3251 trepidus
600 3173 784 3252 procurator
805 3165 901 3231 Catus
922 3167 956 3230 in
979 3165 1116 3231 Galbam
1137 3166 1273 3233 transiit.

137 3277 260 3323 sumatur
399 3271 450 3336 33.
489 3272 532 3335 At
563 3271 733 3336 Suetonius
766 3271 846 3334 mira
880 3270 1059 3335 constantia
1096 3270 1217 3335 medios
1253 3272 1337 3335 inter

138 3347 196 3399 “m
209 3346 258 3398 “¹¹¹³
294 3372 400 3439 hostes
421 3373 613 3438 Londinium
635 3375 785 3458 perrexit,
808 3378 1019 3455 cognomento
1042 3372 1172 3454 quidem
1193 3374 1335 3439 coloniae

133 3415 263 3461 sontiatum

175 3486 220 3528 oss
294 3498 359 3543 non
388 3477 522 3561 insigne,
556 3478 613 3542 scd
647 3478 738 3561 copia
771 3477 1003 3560 negotiatorum
1037 3483 1069 3541 et
1102 3482 1335 3542 commeatuum

120 3553 275 3678 mmm
296 3579 434 3645 maxime
464 3580 599 3646 celebre.
644 3580 690 3647 ibi
718 3581 896 3663 ambiguus,
927 3600 970 3643 au
996 3580 1085 3645 illam
1115 3580 1224 3645 sedem
1252 3582 1335 3648 bello

295 3683 457 3768 deligeret,
489 3684 716 3769 circumspecta
737 3683 952 3766 infrequentia
974 3684 1083 3749 militis
1110 3684 1250 3766 satisque
1273 3706 1336 3749 ma-

294 3787 366 3870 gnis
388 3786 586 3853 documentis
608 3789 819 3855 temeritatem
839 3788 945 3853 Petilii
966 3789 1143 3873 coercitam,
1166 3788 1261 3854 unius
1283 3808 1336 3873 op-

294 3889 362 3974 pidi
383 3889 500 3956 damno
523 3910 651 3956 servare
677 3893 826 3957 universa
852 3892 971 3957 statuit.
1009 3911 1112 3973 neque
1138 3891 1216 3957 fletu
1238 3900 1271 3957 et
1292 3893 1336 3956 la·
