2984 4275
342 193 384 257 34
570 210 619 265 Ab
639 226 755 266 excessu
771 212 805 265 D.
818 211 945 280 Augusti
962 212 1020 265 XII
1038 215 1149 268 34-38.

181 401 280 479 ,tant
388 439 393 453 ,
446 384 496 449 34.
531 384 669 451 Adhuc
701 386 843 469 gentium
873 386 1017 452 ductores
1047 386 1218 470 circumire,
1250 387 1373 474 hortari,

166 469 200 514 ³¹³
218 469 323 591 {iffmm
339 478 465 554 firmare
487 490 610 557 animos
632 490 803 556 minuendo
827 498 922 575 metu,
945 490 1150 556 accendenda
1172 511 1228 576 spe
1243 491 1374 576 aliisque

339 593 415 658 belli
436 594 656 660 incitamentis.
685 595 847 660 enimvero
869 595 1040 661 Caratacus
1061 595 1123 659 huc
1145 596 1219 660 illuc
1240 596 1374 662 volitans

337 696 426 761 illum
449 696 543 782 diem,
566 698 653 762 illam
669 698 772 762 aciem
787 699 962 763 testabatur
976 705 1030 763 aut
1045 699 1270 782 reciperandae
1286 700 1373 765 liber·

337 802 411 866 tatis
434 809 487 866 aut
510 802 670 867 servitutis
687 809 835 866 aeternae
856 802 983 866 initium
1006 800 1087 887 fore;
1110 803 1308 886 vocabatque
1323 825 1372 869 no-

337 906 424 970 mina
457 905 624 989 maiorum,
663 906 717 990 qui
750 905 937 970 dictatorem
970 905 1137 971 Caesarem
1171 906 1371 992 pepulissent,

338 1028 468 1091 quorum
489 1010 604 1074 virtute
626 1010 720 1075 vacui
747 1030 767 1073 a
790 1009 952 1075 securibus
979 1015 1011 1074 et
1037 1009 1163 1075 tributis
1189 1010 1373 1076 intemerata

337 1112 506 1194 coniugum
537 1118 568 1177 et
595 1112 763 1177 liberorum
795 1132 925 1196 corpora
955 1114 1136 1178 retinerent.
1175 1113 1254 1178 haec
1279 1120 1373 1198 atque

336 1216 412 1281 talia
435 1216 554 1280 dicenti
576 1216 758 1300 adstrepere
781 1217 904 1300 vulgus,
932 1217 1045 1299 gentili
1068 1217 1200 1302 quisque
1222 1218 1372 1301 religione

335 1320 499 1404 obstringi,
524 1341 587 1384 non
609 1320 690 1401 telis,
714 1341 778 1384 non
800 1320 984 1387 vulneribus
1007 1340 1156 1386 cessuros.

170 1440 312 1561 sefddqut
440 1424 490 1489 35.
519 1423 736 1508 Obstupefecit
760 1444 798 1489 ea
820 1425 965 1489 alacritas
986 1426 1099 1489 ducem
1120 1427 1312 1507 Romanum3
1336 1426 1373 1490 si-

203 1578 279 1632 mum
335 1632 413 1696 nihil
443 1631 505 1696 nisi
534 1637 625 1696 atrox
659 1640 690 1696 et
721 1632 1008 1715 propugnatoribus
1040 1633 1188 1716 frequens
1221 1633 1370 1698 terrebat.

335 1735 392 1801 sed
415 1736 504 1800 miles
527 1735 681 1820 proelium
704 1755 842 1820 poscere,
871 1743 985 1801 cuncta
1007 1737 1121 1802 virtute
1144 1737 1372 1822 expugnabilia

336 1528 401 1591 mul
428 1526 567 1592 obiectus
593 1527 704 1612 amnis,
733 1527 876 1592 additum
903 1529 1034 1613 vallum,
1061 1528 1261 1593 imminentia
1285 1528 1370 1613 iuga,
1480 1533 1481 1604 l

335 1840 510 1924 elamitare;
542 1840 757 1923 praefectique
785 1846 817 1904 et
843 1840 962 1904 tribuni
990 1840 1079 1924 paria
1109 1840 1298 1905 disserentes
1325 1862 1371 1905 ar·
1480 1911 1481 1926 ,

334 1945 442 2009 dorem
466 1945 621 2009 exercitus
640 1944 860 2009 intendebant.
884 1952 951 2008 tum
967 1944 1115 2028 Ostorius,
1140 1945 1373 2027 circumspectis

334 2067 416 2131 quae
431 2047 676 2131 inpenetrabilia
689 2068 833 2130 quaeque
849 2048 966 2131 pervia,
980 2048 1065 2112 ducit
1079 2048 1219 2113 infensos
1232 2069 1372 2113 amnem·
1480 2045 1481 2050 ’

333 2173 394 2234 que
409 2153 496 2217 haud
519 2152 688 2217 difficulter
704 2151 821 2217 evadit.
846 2152 901 2217 ubi
916 2159 1046 2217 ventum
1061 2154 1102 2217 ad
1118 2172 1277 2236 aggerem,
1294 2152 1372 2216 dum

333 2256 502 2321 missilibus
525 2256 713 2340 certabatur,
737 2256 809 2339 plus
832 2252 999 2320 vulnerum
1021 2256 1054 2319 in
1076 2276 1134 2320 nos
1153 2262 1185 2320 et
1199 2256 1372 2339 pleraeque

333 2360 447 2424 caedes
469 2359 664 2424 oriebantur:
688 2364 855 2443 postquam
878 2358 965 2423 facta
986 2358 1145 2423 testudine
1167 2359 1261 2423 rudes
1276 2366 1308 2423 et
1323 2359 1371 2422 in-

332 2464 447 2529 formes
478 2483 624 2528 saxorum
655 2482 813 2546 conpages
843 2461 1012 2527 distractae
1045 2483 1163 2546 parque
1193 2461 1371 2527 comminus

331 2568 426 2651 acies,
450 2568 604 2633 decedere
626 2567 754 2632 barbari
775 2566 810 2630 in
833 2566 909 2648 iuga
931 2566 1095 2631 montium.
1118 2567 1174 2631 sed
1190 2587 1228 2630 eo
1244 2586 1372 2649 quoque

330 2673 477 2757 inrupere
498 2671 686 2736 ferentarius
705 2671 874 2753 gravisque
889 2669 989 2750 miles,
1013 2669 1060 2733 illi
1075 2670 1145 2734 telis
1160 2669 1370 2754 adsultantes,

331 2775 364 2840 hi
387 2775 526 2841 conferto
549 2774 659 2858 gradu,
684 2773 818 2839 turbatis
833 2779 942 2837 eontra
956 2772 1179 2838 Britannorum
1195 2772 1370 2856 ordinibus,

330 2878 415 2963 apud
443 2898 520 2962 quos
549 2879 636 2942 nulla
665 2878 831 2942 loricarum
861 2877 1065 2960 galearumve
1096 2876 1248 2960 tegmina;
1282 2882 1313 2941 et
1341 2875 1373 2941 si

330 2982 535 3047 auxiliaribus
557 2982 746 3066 resisterent,
770 2981 885 3063 gladiis
908 3000 946 3044 ae
969 2980 1041 3065 pilis
1063 2979 1316 3062 legionariorum,
1342 2979 1373 3044 si

329 3086 571 3168 hucverterent,
595 3085 717 3169 spathis
740 3090 771 3149 et
793 3084 892 3149 hastis
914 3084 1112 3149 auxiliarium
1136 3084 1370 3150 sternebantur.

329 3190 414 3254 clara
444 3209 482 3254 ea
509 3189 640 3255 victoria
669 3189 738 3272 fuit,
770 3194 926 3271 captaque
956 3208 1034 3252 uxor
1065 3197 1096 3252 et
1126 3187 1192 3251 filia
1220 3186 1374 3252 Carataci

329 3294 503 3376 fratresque
525 3293 560 3357 in
582 3292 774 3357 deditionem
798 3291 927 3375 accepti.

187 3412 231 3457 aas
245 3412 282 3457 aa
433 3398 484 3463 36.
507 3399 589 3481 lpse,
615 3403 648 3460 ut
665 3397 765 3461 ferme
787 3397 891 3460 intuta
913 3401 985 3459 sunt
1008 3394 1151 3478 adversa,
1176 3415 1246 3459 cum
1270 3394 1372 3460 fidem

174 3478 294 3596 fffmf
328 3501 572 3568 Cartimanduae
598 3500 726 3583 reginae
753 3500 939 3581 Brigantum
970 3498 1143 3582 petivisset,
1173 3499 1297 3563 vinctus
1328 3519 1372 3564 ac

172 3619 294 3669 straneas
328 3606 499 3671 victoribus
521 3605 655 3669 traditus
678 3611 735 3686 est,
760 3623 842 3668 nono
865 3610 937 3686 post
956 3623 1049 3686 auno,
1074 3624 1169 3685 quam
1192 3603 1310 3667 bellum
1335 3603 1373 3667 in

158 3688 305 3741 ⁰⁸⁶⁸²¹¹“²“·
328 3709 492 3774 Britannia
522 3715 676 3793 coeptum.
716 3708 802 3772 unde
832 3707 919 3770 fama
949 3707 1015 3771 eius
1045 3713 1155 3772 evecta
1184 3707 1306 3772 insulas
1337 3712 1373 3771 et

166 3757 298 3881 asfddu
328 3813 487 3898 proximas
517 3811 693 3896 provincias
722 3817 895 3895 pervagata
926 3830 982 3895 per
1007 3811 1134 3875 Italiam
1165 3830 1288 3895 quoque
1319 3830 1372 3875 ce-

199 3896 266 3952 ffi⁰¹¹l
328 3916 516 3998 lebrabatur,
547 3915 747 3997 avebantque
777 3914 888 3996 Visere,
920 3914 990 3996 (1⁰5⁵
1019 3914 1072 3978 ille
1102 3922 1147 3979 t⁰t
1178 3935 1235 3998 Per
1264 3932 1371 3978 ‘²¹¹⁰oe
1480 3998 1481 4001 =
