2984 4275
307 160 349 224 80
530 176 580 230 Ab
599 190 714 231 eucessu
732 175 765 229 D.
779 174 905 242 Augusti
923 175 995 228 XIII
1013 177 1125 231 54—58.

308 350 458 415 nantibus
481 350 644 414 auxiliaris
672 369 771 431 eques
793 356 924 432 repente
946 349 1104 439 immissus
1126 350 1350 414 necessitatem

309 454 424 537 attulit,
448 454 549 536 captis
572 453 713 518 caesisve
737 454 792 535 qui
813 453 1011 536 pervicacius
1034 452 1222 517 rest'terant.

193 573 235 619 ao
413 557 465 623 55.
495 556 633 622 Eosdem
655 576 749 638 agros
771 557 966 641 Ampsivarii
988 577 1192 640 occupavere,
1217 557 1353 621 validior

139 641 286 765 ⁸¹¹¹,²,¹[¹„”,⁰,¹¹“
310 681 388 745 gens
415 683 479 726 non
505 661 599 725 modo
627 680 684 725 sua
712 662 812 744 copia,
840 661 896 725 sed
924 661 1136 725 adiacentium
1163 661 1351 744 populomm

166 781 262 833 instaur
310 767 521 850 mIseratioue,
551 766 625 849 quia
647 765 730 849 pulsi
753 786 773 828 a
795 764 932 829 Chaucis
954 772 986 829 et
1009 765 1093 830 sedis
1115 765 1226 848 inopes
1249 771 1352 828 tutum

148 851 279 903 ”mmai
311 871 440 937 exilium
464 871 607 934 orabant.
632 868 807 951 aderatque
828 869 868 934 iis
890 870 994 933 clarus
1016 889 1073 952 per
1093 869 1163 932 illas
1185 874 1298 951 gentes
1321 876 1354 932 et

311 968 403 1039 nobis
426 994 551 1058 quoque
573 973 655 1037 fidus
678 973 806 1038 nomine
828 973 1004 1054 Boiocalus,
1033 972 1173 1036 vinctum
1198 991 1231 1036 se
1254 972 1353 1036 rebel-

310 1080 395 1144 lione
410 1079 571 1143 Cherusca
592 1077 680 1141 iussu
695 1076 829 1140 Arminii
851 1076 1002 1157 referens,
1025 1097 1101 1140 mox
1120 1076 1256 1158 TiberIo,
1278 1075 1353 1139 Cer·

312 1182 436 1247 manico
459 1182 591 1245 ducibus
614 1179 773 1263 stipendia
801 1181 962 1264 meruisse,
991 1187 1023 1244 et
1046 1180 1277 1262 quinquaginta
1300 1200 1353 1242 an-

312 1306 424 1350 norum
440 1285 592 1367 obsequio
615 1284 648 1347 id
664 1303 788 1366 quoque
804 1283 987 1367 adiungere,
1012 1284 1096 1366 quod
1119 1290 1247 1366 gentem
1263 1304 1353 1347 suam

312 1388 429 1453 dicioni
450 1396 577 1452 nostrae
599 1387 764 1451 subiceret.
801 1393 929 1469 quotam
956 1395 1079 1472 partem
1107 1388 1212 1472 campi
1239 1387 1353 1468 iacere,

312 1494 345 1556 In
374 1513 470 1575 quam
499 1511 614 1575 pecora
645 1498 676 1555 et
707 1498 849 1555 armenta
883 1491 1017 1556 militum
1049 1492 1221 1575 aliquando
1254 1499 1355 1557 traus-

313 1596 538 1661 mitterentur?
585 1602 748 1660 servarent
786 1615 863 1659 sane
901 1603 1047 1678 receptus
1084 1597 1235 1678 gregibus
1272 1597 1356 1659 inter

313 1700 476 1764 hominum
510 1698 640 1780 famem,
676 1697 770 1763 modo
804 1719 845 1762 ue
875 1700 1057 1764 vastitatem
1090 1707 1122 1763 et
1152 1700 1355 1764 solitudinem

314 1805 445 1868 mallent
473 1823 569 1885 quam
597 1803 716 1867 amicos
742 1804 885 1887 populos.
931 1803 1164 1867 Chamavorum
1195 1803 1356 1885 quondam

314 1928 353 1972 ea
375 1927 461 1989 arva,
486 1927 562 1971 mox
583 1907 767 1972 Tubantum
791 1913 916 1990 etpost
939 1907 1107 1987 Usiporum
1131 1907 1239 1972 fuisse.
1264 1908 1355 1971 sicuti

314 2011 438 2075 caelum
461 2010 539 2093 deis,
563 2011 608 2074 ita
630 2017 729 2074 terras
753 2010 862 2092 generi
885 2012 1064 2075 mortalium
1081 2012 1187 2096 datas;
1212 2030 1357 2093 quaeque

314 2134 444 2199 vacuae,
469 2133 524 2179 eas
543 2114 688 2199 publicas
704 2134 785 2180 esse.
810 2115 908 2179 solem
923 2115 998 2180 inde
1014 2115 1189 2199 suspiciens
1204 2121 1235 2179 et
1250 2122 1358 2180 cetera

315 2220 420 2285 sidera
446 2239 564 2283 vocans
591 2220 682 2301 quasi
709 2239 815 2283 coram
842 2220 1067 2301 interrogabat,
1095 2221 1258 2284 vellentne
1287 2239 1357 2284 con-

316 2325 398 2388 tueri
419 2325 515 2387 inane
538 2324 653 2388 solum:
678 2324 781 2406 potius
805 2343 892 2400 mare
916 2324 1182 2406 superfunderent
1204 2324 1358 2388 adversus

316 2435 471 2492 terrarum
494 2435 663 2509 ereptores

180 2544 265 2589 seta
421 2530 474 2593 56.
513 2531 554 2593 Et
580 2538 755 2594 commotus
782 2530 831 2595 his
853 2531 980 2596 Avitus:
1011 2532 1163 2616 patienda
1192 2532 1358 2596 meliorum

154 2614 291 2728 “Jffiffi'
317 2635 464 2718 imperia,
488 2633 522 2697 id
544 2633 601 2717 dis,
626 2653 704 2713 quos
727 2634 929 2717 implorarent,
953 2637 1117 2719 placitum,
1141 2644 1176 2700 ut
1191 2637 1357 2702 arbitrium

201 2753 244 2798 oet
318 2757 417 2822 penes
444 2737 603 2801 Romanos
633 2744 786 2821 maneret,
818 2738 894 2821 quid
922 2739 1035 2803 darent
1062 2738 1138 2821 quid
1168 2740 1357 2823 adimerent,

165 2823 284 2874 mmm·
319 2861 422 2922 ueque
450 2841 529 2905 allos
554 2839 675 2904 iudices
702 2861 799 2922 quam
826 2862 860 2905 se
883 2843 967 2926 ipsos
994 2850 1184 2925 paterentur.
1222 2843 1303 2908 haec
1325 2846 1359 2908 in

319 2945 481 3029 publicum
503 2944 709 3027 Ampsivariis
731 2946 902 3028 respondit,
926 2947 986 3029 ipsi
1008 2948 1155 3012 Boiocalo
1178 2948 1219 3012 ob
1243 2968 1360 3013 memo·

320 3049 399 3112 riam
426 3048 584 3113 amicitiae
611 3049 760 3112 daturum
787 3069 889 3131 agros.
929 3045 1013 3132 quod
1040 3050 1094 3115 ille
1117 3057 1152 3115 ut
1174 3051 1359 3136 proditionis

319 3152 456 3237 pretium
477 3158 664 3235 aspernatus
688 3152 812 3216 addidit
834 3146 957 3219 ‘deesse
979 3155 1071 3220 nobis
1094 3163 1178 3219 terra
1199 3157 1233 3219 iu
1248 3156 1358 3240 vitam,

319 3257 352 3321 in
377 3276 439 3339 qua
461 3256 640 3336 moriamur,
664 3276 728 3320 nou
751 3253 876 3340 potest.³
914 3265 1010 3341 atque
1032 3260 1077 3323 ita
1099 3260 1232 3324 infensis
1254 3260 1360 3324 utrim-

321 3380 381 3442 que
397 3360 512 3424 animis
527 3359 709 3424 discessum.
732 3361 779 3424 illi
793 3362 970 3445 Bructeros,
991 3364 1172 3446 Tencteros,
1196 3364 1361 3429 ulteriores

322 3465 417 3529 etiam
440 3465 585 3528 nationes
608 3464 710 3529 socias
732 3465 817 3530 bello
839 3466 1012 3530 vocabant:
1040 3467 1154 3531 Avitus
1180 3468 1296 3551 scripto
1319 3468 1360 3532 ad

322 3568 488 3633 Curtilium
510 3568 667 3632 Manciam
692 3570 860 3651 superioris
876 3570 1033 3634 exercitus
1055 3571 1207 3654 legatum,
1231 3578 1266 3636 ut
1281 3571 1361 3635 Rhe-

322 3693 396 3735 num
421 3682 637 3753 transgressus
659 3693 749 3736 arma
770 3694 790 3736 a
811 3680 900 3756 tergo
915 3674 1105 3756 ostenderet,
1129 3676 1197 3759 ipse
1219 3676 1361 3758 legiones

322 3777 354 3840 in
389 3796 501 3857 agrum
535 3776 726 3840 Tencterum
758 3776 897 3857 induxit,
936 3779 1094 3842 excidium
1129 3780 1294 3863 minitans,
1329 3778 1361 3843 ni

324 3899 452 3943 causam
480 3900 569 3943 suam
597 3880 810 3945 dissociarent.
848 3882 945 3963 igitur
967 3883 1193 3948 absistentibus
1220 3883 1269 3974 his
1293 3884 1361 3966 pari
