2984 4275
282 172 325 235 22
530 188 579 242 Ab
600 203 716 242 excessu
734 188 766 241 D.
781 187 906 256 Augusti
925 188 981 241 XlI
1000 184 1076 243 5-9.

152 380 225 430 aicta
385 362 415 426 5.
440 362 476 429 Ο.
497 362 647 446 Pompeio
669 361 707 439 Q.
728 361 866 427 Veranio
889 362 1067 427 consulibus
1089 369 1216 445 pactum
1237 362 1324 429 inter

126 449 248 573 “mtffflm
282 465 447 532 Claudium
477 474 509 532 et
534 466 742 550 Agrippinam
771 465 1004 530 matrimonium
1033 465 1099 530 iam
1128 465 1225 547 fama,
1255 467 1321 531 iam

109 590 265 635 aresetensi
281 590 388 636 amore
417 569 537 635 inlicito
566 569 764 651 firmabatur;
799 568 933 633 necdum
964 568 1125 633 celebrare
1155 570 1321 635 sollemnia

126 660 249 773 sopater
281 674 461 758 nuptiarum
483 674 655 756 audebant,
679 672 765 738 nullo
787 673 933 756 exemplo
957 671 1112 737 deductae
1133 672 1167 737 in
1190 673 1320 737 domum

121 798 255 850 uanusque
282 778 384 863 patrui
406 777 510 842 fratris
531 777 630 841 filiae:
655 777 730 859 quin
755 782 787 841 et
800 776 965 860 incestum,
989 795 1036 859 ac,
1060 776 1086 841 si
1109 784 1319 861 sperneretur,

117 867 254 991 mma,
281 903 322 947 ne
343 882 377 946 in
394 883 512 946 malum
536 880 696 965 publicum
719 887 906 964 erumperet,
930 880 1138 946 metuebatur.
1162 901 1222 945 nec
1244 888 1320 946 ante

139 1007 180 1051 mc
195 1007 231 1050 ser
281 987 396 1052 omissa
429 985 596 1067 cunctatio,
632 1005 726 1068 quam
754 984 901 1048 Vitellius
934 985 998 1049 suis
1032 984 1153 1060 artibus
1185 984 1219 1049 id
1251 1006 1320 1070 per·

119 1077 249 1132 ‘lilim'
279 1090 470 1175 patrandum
497 1088 639 1173 sumpsit.
666 1094 933 1172 percontatusque
956 1088 1134 1170 Caesarem,
1161 1110 1205 1153 an
1226 1088 1320 1154 iussis

281 1194 397 1277 populi,
424 1213 467 1257 an
489 1192 669 1257 auctoritati
691 1199 821 1256 senatus
843 1191 979 1275 cederet,
1008 1192 1061 1258 ubi
1089 1192 1143 1256 ille
1165 1214 1263 1257 unum
1286 1213 1320 1258 se

280 1298 395 1363 civium
425 1303 457 1361 et
487 1296 656 1362 consensui
684 1296 838 1379 imparem
868 1295 1040 1381 respondit,
1070 1296 1207 1379 opperiri
1237 1297 1321 1362 intra

279 1402 433 1486 palatium
455 1401 551 1465 iubet.
575 1400 644 1483 ipse
660 1401 779 1464 curiam
802 1400 987 1483 ingreditur,
1011 1420 1229 1484 summamque
1251 1421 1319 1465 rem

278 1505 439 1590 publicam
461 1504 515 1585 agi
529 1504 693 1569 obtestans
708 1504 836 1568 veniam
852 1503 980 1568 dicendi
994 1511 1069 1569 ante
1083 1505 1162 1569 alios
1178 1506 1320 1588 exposcit

278 1610 474 1692 orditurque:
512 1607 716 1691 gravissimos
749 1607 900 1691 principis
934 1609 1070 1693 labores,
1107 1609 1175 1692 quis
1210 1610 1319 1674 orbem

277 1720 381 1778 terrae
411 1719 565 1797 capessat,
599 1731 693 1794 egere
722 1710 933 1793 adminiculis,
968 1719 1003 1776 ut
1036 1711 1209 1777 domestica
1243 1733 1319 1777 cura

277 1836 398 1883 vacuus
419 1817 453 1880 in
474 1836 640 1880 commune
663 1816 815 1881 consulat.
841 1816 925 1898 quod
947 1836 1040 1899 porro
1062 1816 1225 1881 honestius
1248 1837 1318 1881 cen-

275 1923 381 1988 soriae
414 1921 528 1985 mentis
561 1920 776 1984 levamentum
812 1940 906 2003 quam
940 1920 1107 1985 adsumere
1141 1920 1316 2003 coniugem,

277 2025 433 2111 prosperis
455 2024 622 2107 dubiisque
644 2024 772 2106 sociam,
804 2023 856 2087 cui
878 2023 1084 2107 cogitationes
1106 2024 1244 2106 intimas,
1267 2024 1319 2089 cui

277 2150 392 2216 parvos
413 2129 528 2194 liberos
550 2127 666 2211 tradat,
694 2149 760 2193 non
781 2127 871 2192 luxui
893 2134 950 2193 aut
972 2128 1186 2212 voluptatibus
1209 2128 1318 2193 adsue-

277 2236 394 2318 factus,
425 2234 483 2300 sed
515 2233 569 2317 qui
600 2233 703 2316 prima
732 2232 774 2296 ab
805 2232 936 2296 iuventa
967 2232 1091 2315 legibus
1122 2235 1318 2317 obtempera·

278 2340 384 2405 visset.

383 2443 412 2507 6.
455 2442 627 2524 Postquam
657 2439 737 2504 haec
774 2439 943 2505 favorabili
980 2440 1121 2505 oratione
1156 2441 1317 2523 praemisit

278 2548 441 2630 multaque
474 2552 600 2628 patrum
633 2543 814 2608 adsentatio
847 2545 1046 2629 sequebatur,
1085 2550 1177 2628 capto
1210 2565 1318 2609 rursus

276 2652 375 2733 initio,
407 2649 534 2734 quando
562 2647 776 2711 maritandum
803 2647 977 2731 principem
1004 2649 1110 2712 cuncti
1136 2647 1315 2729 suaderent,

276 2755 374 2838 deligi
396 2760 538 2838 oportere
555 2751 706 2816 feminam
722 2750 888 2817 nobilitate
911 2751 1085 2836 puerperiis
1108 2752 1319 2817 sanctimonia

275 2860 441 2942 insignem.
467 2875 526 2921 nec
548 2855 604 2919 diu
626 2854 870 2938 anquirendum,
895 2856 971 2937 quin
994 2855 1170 2939 Agrippina
1193 2856 1317 2920 claritu-

275 2963 349 3027 dine
375 2960 501 3045 generis
527 2958 675 3023 anteiret:
710 2958 821 3022 datum
843 2961 885 3024 ab
909 2979 947 3023 ea
970 2959 1174 3024 fecunditatis
1197 2961 1317 3042 experi-

275 3072 416 3131 mentum
439 3070 471 3129 et
493 3081 665 3146 congruere
687 3069 772 3127 artes
795 3061 954 3127 honestas.
988 3063 1023 3128 id
1045 3084 1120 3128 vero
1143 3064 1317 3147 egregium,

276 3171 359 3254 quod
381 3167 509 3253 provisu
531 3166 627 3232 deum
642 3165 740 3231 vidua
761 3167 944 3249 iungeretur
958 3166 1093 3251 principi
1115 3188 1173 3232 sua
1192 3175 1315 3232 tantum

275 3271 476 3339 matrimonia
498 3273 637 3355 experto.
661 3269 821 3334 audivisse
840 3292 860 3333 a
874 3272 1069 3354 parentibus,
1092 3272 1209 3336 vidisse
1231 3272 1317 3355 ipsos

275 3377 376 3461 abripi
399 3376 549 3458 coniuges
571 3374 614 3438 ad
628 3374 719 3438 libita
733 3374 920 3440 Caesarum:
943 3376 1052 3459 procul
1071 3375 1106 3439 id
1121 3397 1141 3438 a
1156 3375 1316 3459 praesenti

276 3481 437 3546 modestia.
476 3485 665 3545 statueretur
695 3477 792 3541 immo
822 3477 1056 3563 documentum,
1093 3499 1154 3563 quo
1184 3500 1315 3543 uxorem

274 3587 446 3668 imperator
471 3606 491 3648 a
518 3583 661 3667 patribus
688 3581 856 3665 acciperet.
894 3583 1035 3647 atenim
1061 3604 1146 3648 nova
1168 3583 1259 3648 nobis
1280 3584 1315 3647 in

275 3689 405 3753 fratrum
429 3687 510 3752 filias
533 3686 691 3767 coniugia:
724 3685 781 3749 sed
802 3686 873 3750 aliis
895 3687 1041 3768 gentibus
1064 3688 1238 3771 sollemnia,
1261 3708 1315 3752 ne·

276 3812 337 3877 que
370 3794 442 3874 lege
475 3790 541 3856 ulla
572 3788 744 3873 prohibita,
785 3796 817 3853 et
850 3790 1048 3855 sobrinarum
1082 3790 1137 3854 diu
1168 3790 1316 3872 ignorata

274 3904 415 3981 tempore
437 3895 546 3959 addito
561 3892 800 3976 percrebruisse.
825 3914 944 3959 morem
960 3893 1200 3975 accommodari,
1223 3903 1317 3978 prout
