2984 4275
489 217 514 253 a.
526 201 560 256 U.
573 217 595 255 c.
609 205 668 258 802.
693 218 718 270 p.
731 202 795 256 Chr.
807 207 850 257 49.
1148 188 1188 251 27

255 374 305 438 16.
341 375 431 438 Tunc
457 376 629 458 composito
655 376 784 459 agmine
805 376 965 459 incedunt,
994 377 1083 442 cuius
1108 379 1191 443 fron·
1247 395 1324 449 tarsa

147 484 213 542 tem
241 484 274 543 et
300 484 390 560 terga
411 478 512 563 Aorsi,
535 480 649 544 'media
676 480 821 545 cohortes
849 487 881 544 et
907 481 1082 564 Bosporani
1110 488 1190 547 tuta·
1221 466 1349 588 δ’ξζῐῗὲζξᾷ

146 583 265 646 bantur
291 583 404 647 nostris
433 582 467 646 in
497 583 602 648 armis.
641 584 686 647 sic
715 584 824 667 pulsus
853 584 963 663 hostis,
995 593 1190 668 ventumque

148 685 273 770 Sonam,
297 686 448 771 oppidum
465 687 674 771 Dandaricae,
699 689 784 772 quod
799 688 958 753 desertum
974 708 993 752 a
1008 688 1191 754 Mithridate

147 790 189 855 cb
205 791 372 873 ambiguos
394 792 593 875 popularium
608 793 731 858 animos
746 792 882 857 obtineri
904 792 1013 857 relicto
1035 793 1082 857 ihi
1104 813 1191 877 prae-

147 894 227 959 sidio
257 894 370 959 visum.
409 895 494 959 exim
524 895 557 959 in
592 894 717 961 Siracos
751 903 900 981 pergunt,
936 904 968 961 et
1002 898 1191 979 transgressi

148 1018 276 1062 amnem
307 999 450 1063 Pandam
484 1000 735 1065 circumveniunt
771 1002 881 1066 urbem
911 1000 1041 1085 Uspem,
1072 1001 1191 1066 editam

148 1102 218 1166 loco
246 1109 278 1167 et
305 1104 471 1168 moenibus
498 1123 535 1168 ac
561 1103 654 1169 fossis
681 1105 846 1188 munitam,
874 1104 936 1170 nisi
959 1105 1042 1188 quod
1066 1106 1191 1170 moenia

148 1227 214 1271 non
237 1227 325 1291 saxo,
353 1206 410 1272 sed
434 1207 573 1272 cratibus
600 1215 631 1273 et
652 1209 802 1274 vimentis
829 1229 867 1274 ac
891 1208 997 1274 media
1019 1209 1115 1274 humo
1137 1209 1191 1274 ad-

149 1331 276 1375 versum
308 1311 524 1395 inrumpentes
557 1312 700 1377 invalida
730 1321 835 1398 erant,
870 1312 1067 1396 eductaeque
1096 1314 1191 1379 altius

148 1421 250 1480 turres
272 1415 396 1481 facibus
411 1424 506 1499 atque
521 1417 621 1481 hastis
640 1417 810 1482 turbabant
825 1418 979 1483 obsessos.
1004 1437 1042 1481 ac
1057 1419 1090 1482 ni
1105 1438 1191 1501 proe-

148 1518 226 1582 lium
249 1539 314 1583 nox
337 1518 524 1604 diremisset,
553 1527 665 1605 coepta
688 1528 876 1604 patrataque
900 1522 1094 1605 expugnatio
1117 1541 1191 1586 eun-

149 1622 221 1687 dem
244 1622 329 1687 intra
352 1623 436 1688 diem
459 1624 549 1689 foret.

255 1728 304 1791 17.
343 1729 473 1793 Postero
507 1728 620 1794 misere
653 1729 786 1811 legatos,
821 1730 949 1794 veniam
984 1728 1092 1794 liberis
1126 1749 1189 1794 cor·
1216 1747 1260 1790 aaa
1275 1746 1356 1790 erosas

146 1832 276 1916 poribus
307 1839 447 1898 orantes:
481 1833 600 1898 servitii
628 1833 738 1898 decem
766 1833 853 1897 milia
881 1834 1066 1900 offerebant.
1105 1834 1189 1916 quod
1220 1815 1349 1937 muffff‘ssu,

147 1938 308 2021 aspernati
335 1944 409 2002 sunt
431 1938 575 2022 victores,
608 1938 682 2021 quia
709 1938 869 2003 trucidare
895 1939 1020 2004 deditos
1047 1959 1187 2022 saevum,
1243 1954 1331 2005 satura

147 2049 271 2106 tantam
309 2041 544 2107 multitudinem
582 2042 724 2107 custodia
762 2042 890 2126 cingere
909 2042 1076 2107 arduum:
1114 2042 1189 2107 belli
1207 2024 1256 2147 {¹21¹
1265 2023 1367 2146 {fflssff

147 2147 252 2230 potius
286 2145 353 2211 iure
387 2146 551 2230 caderent,
589 2146 763 2230 datumque
801 2146 966 2229 militibus,
1006 2148 1060 2230 qui
1097 2147 1190 2212 scalis

147 2257 323 2332 evaserant,
348 2250 476 2332 signum
498 2249 615 2316 caedis.
655 2251 780 2315 excidio
803 2251 994 2334 Uspensium
1017 2256 1120 2315 metus
1143 2270 1190 2315 ce·

149 2355 223 2418 teris
244 2354 389 2437 iniectus,
417 2354 496 2418 nihil
522 2361 625 2419 tutum
648 2355 733 2438 ratis,
762 2374 834 2419 cum
856 2375 954 2438 arma,
983 2353 1190 2435 munimenta,

147 2457 293 2542 impediti
307 2460 358 2522 vel
374 2458 551 2523 eminentes
574 2459 635 2522 loci
650 2479 825 2541 amnesque
848 2466 880 2522 et
895 2460 990 2523 urbes
1012 2459 1102 2522 iuxta
1124 2479 1190 2541 per-

148 2569 376 2645 rumperentur.
400 2562 497 2646 igitur
515 2563 673 2645 Zorsines,
698 2563 754 2643 diu
769 2564 936 2647 pensitato,
960 2562 1190 2627 Mithridatisne

147 2668 242 2731 rebus
276 2668 424 2732 extremis
458 2688 500 2731 an
533 2668 634 2751 patrio
668 2686 767 2749 regno
801 2668 988 2750 consuleret,
1022 2674 1191 2751 postquam

146 2770 326 2854 praevaluit
347 2771 476 2853 gentilis
498 2771 624 2853 utilitas,
650 2770 734 2835 datis
757 2770 920 2836 obsidibus
942 2771 1028 2854 apud
1051 2770 1190 2852 effigiem

147 2874 292 2939 Caesaris
306 2875 482 2959 procubuit,
506 2895 625 2958 magna
640 2874 740 2958 gloria
757 2875 912 2939 exercitus
927 2874 1072 2958 Romani,
1097 2893 1190 2957 quem

146 2979 349 3043 incruentum
376 2986 408 3043 et
435 2980 586 3044 victorem
614 2979 709 3044 tridui
736 2980 851 3044 itinere
882 2978 1001 3043 afuisse
1028 2978 1069 3042 ab
1096 2998 1191 3043 amne

147 3082 251 3146 Tanai
274 3083 420 3146 constitit.
444 3083 556 3147 sedin
580 3102 725 3166 regressu
747 3082 854 3166 dispar
874 3082 1002 3146 fortuna
1024 3081 1092 3166 fuit,
1117 3083 1191 3165 quia

147 3187 279 3250 narium
303 3186 456 3269 quasdam
480 3187 610 3271 (quippe
634 3186 713 3250 mari
735 3186 933 3270 remeabant)
956 3186 990 3250 in
1006 3186 1097 3250 litora
1112 3188 1191 3250 Tau-

147 3310 253 3355 rorum
280 3290 403 3355 delatas
431 3291 665 3356 circumvenere
694 3290 832 3375 barbari,
862 3288 1026 3375 praefecto
1054 3288 1190 3354 cohortis

148 3402 180 3458 et
201 3394 361 3478 plerisque
383 3394 583 3459 auxiliarium
605 3394 790 3459 interfectis.

255 3497 304 3562 18.
344 3498 471 3563 Interea
503 3499 702 3563 Mithridates
735 3499 822 3563 nullo
855 3501 888 3563 in
922 3498 1017 3564 armis
1050 3496 1189 3562 subsidio
1215 3511 1355 3633 difflui?

1265 3651 1311 3693 tem

147 3603 316 3686 consultat,
340 3602 429 3667 cuius
451 3602 697 3667 misericordiam
722 3603 925 3687 experiretur.
963 3603 1060 3666 frater
1082 3600 1188 3683 CotyS,

146 3705 288 3790 proditor
319 3706 402 3789 olim,
438 3707 553 3771 deinde
584 3706 691 3790 hostis,
726 3708 941 3772 metuebatur:
976 3707 1189 3770 Romanorum
1231 3719 1342 3771 cannae,

145 3829 240 3875 nemo
262 3811 296 3874 id
319 3811 513 3876 auctoritatis
537 3811 661 3892 aderat,
685 3817 719 3875 ut
740 3811 896 3894 promissa
911 3810 977 3874 eius
992 3808 1102 3889 magni
1115 3827 1190 3891 pen·

147 3913 308 3979 derentur.
347 3913 389 3977 ad
416 3915 571 3979 Eunonen
599 3913 762 3996 convertit,
789 3913 925 3996 propriis
952 3910 1033 3976 odiis
1059 3929 1123 3973 non
1146 3909 1190 3971 in-
