2984 4275
314 157 376 222 106
537 174 586 229 Ao
606 189 723 229 excessu
739 173 773 227 u.
786 173 914 243 Augusti
931 174 1002 230 mv
1019 176 1131 230 49-53.

311 355 346 412 at
368 349 512 413 consules
534 347 684 432 perficere
707 347 870 413 decretum
893 354 1022 413 senatus
1043 367 1107 412 non
1122 348 1201 430 ausi,
1225 346 1265 413 de
1280 367 1353 412 eon-

312 471 407 517 sensu
429 452 582 535 scripsere
597 451 734 517 Caesari.
758 451 811 515 ille
833 451 916 515 inter
930 451 1082 536 pudorem
1104 458 1137 516 et
1158 451 1239 515 iram
1262 471 1353 516 cune-

311 562 404 637 tatus,
432 563 590 640 postremo
613 555 787 640 rescripsit:
817 555 906 620 nulla
927 554 1041 619 iniuria
1062 560 1267 637 provocatum
1289 555 1352 618 An·

310 660 433 724 tistium
465 659 669 741 gravissimas
702 659 734 722 in
769 658 945 743 principem
978 658 1186 722 contumelias
1219 656 1350 742 dixisse3

311 783 420 828 earum
449 764 602 830 ultionem
632 783 652 828 a
681 763 824 847 patribus
852 763 1055 846 postulatam,
1087 768 1119 826 et
1148 781 1204 845 pro
1231 762 1352 843 magni·

311 866 421 932 tudine
443 866 549 932 delicti
571 887 708 950 poenam
730 867 827 931 statui
849 887 908 951 par
929 865 1034 931 fuisse.
1065 871 1207 930 ceterum
1229 884 1273 949 se,
1297 864 1353 946 qui

311 971 514 1035 severitatem
537 970 777 1035 decernentium
799 969 1007 1054 impediturus
1029 968 1132 1052 fuerit,
1165 968 1351 1033 moderatio·

310 1093 385 1137 nem
407 1094 472 1139 non
493 1073 674 1157 probibere:
697 1079 882 1157 statuerent,
905 1081 941 1137 ut
955 1073 1089 1155 uellent3
1111 1072 1221 1137 datam
1243 1079 1276 1136 et
1298 1071 1353 1136 ab·

310 1176 456 1241 solvendi
469 1176 639 1243 licentiam.
667 1176 716 1242 bis
731 1184 829 1259 atque
844 1177 961 1241 talibus
975 1176 1114 1241 recitatis
1130 1183 1163 1240 et
1177 1175 1352 1240 offensione

312 1279 490 1362 manifesta,
521 1301 585 1345 uon
615 1280 688 1346 ideo
716 1287 773 1344 aut
799 1281 942 1345 consules
972 1286 1134 1344 mutavere
1163 1278 1351 1343 relationem

311 1388 366 1447 aut
379 1383 521 1448 Thrasea
543 1383 679 1449 decessit
701 1385 859 1448 sententia
882 1384 1018 1449 ceterive
1033 1402 1115 1464 quae
1137 1383 1353 1466 probaverant

311 1485 486 1570 deseruere,
509 1506 591 1570 pars,
615 1506 655 1552 ne
676 1487 855 1572 principem
877 1487 1030 1553 obiecisse
1052 1486 1193 1551 invidiae
1207 1485 1352 1551 videren-

310 1597 370 1675 tur,
394 1591 499 1672 plures
520 1611 650 1657 numero
673 1592 741 1675 tuti,
766 1591 910 1657 Thrasea
932 1597 1022 1656 sueta
1044 1589 1237 1654 firmitudine
1252 1588 1352 1653 animi

311 1700 343 1759 et
365 1713 406 1758 ne
428 1694 529 1777 gloria
550 1695 763 1760 intercideret.

415 1797 467 1862 50.
506 1798 601 1863 Haud
624 1797 743 1883 dispari
767 1799 898 1863 crimine
927 1798 1092 1864 Fabricius
1114 1796 1250 1863 Veiento
1280 1815 1353 1860 con-

310 1900 447 1966 flictatus
469 1908 525 1983 est,
555 1901 641 1983 quod
663 1903 764 1967 multa
786 1908 818 1966 et
838 1903 991 1986 probrosa
1012 1902 1046 1966 in
1068 1907 1174 1986 patres
1197 1906 1229 1964 et
1251 1919 1354 1965 sacer·

310 2004 401 2071 dotes
423 2006 650 2089 composuisset
670 2006 709 2070 iis
732 2006 829 2089 libris,
861 2006 975 2088 quibus
997 2024 1114 2070 nomen
1137 2004 1354 2070 codicillorum

300 2108 450 2175 'dederat
488 2108 649 2175 adiciebat
670 2111 793 2176 Tullius
820 2110 973 2177 Geminus
1000 2115 1165 2175 accusator
1186 2107 1355 2174 venditata

309 2214 350 2279 ab
374 2234 412 2279 eo
436 2234 567 2278 munera
588 2214 740 2298 principis
763 2222 795 2279 et
817 2214 1092 2298 adipiscendorum
1114 2214 1270 2278 honorum
1291 2213 1352 2277 ius.

309 2337 391 2399 quae
414 2337 510 2382 causa
531 2317 652 2382 Neroni
673 2318 733 2382 fuit
756 2318 948 2401 suscipiendi
968 2317 1084 2399 iudicii,
1108 2317 1354 2397 convictumque

310 2422 519 2487 Veientonem
541 2422 635 2486 Italia
662 2421 784 2505 depulit
807 2431 840 2487 et
861 2422 957 2487 libros
980 2421 1071 2487 exuri
1093 2421 1191 2503 iussit,
1221 2419 1353 2501 conqui-

310 2526 386 2589 sitos
407 2525 636 2607 lectitatosque,
660 2526 763 2591 donec
786 2546 857 2590 curn
879 2525 1018 2610 periculo
1040 2525 1249 2608 parabantur:
1277 2543 1357 2587 mox

310 2628 438 2692 licentia
460 2628 601 2693 habendi
623 2629 813 2694 oblivionem
836 2631 949 2694 attulit.

193 2744 240 2789 au
416 2731 468 2797 51.
497 2732 560 2798 Sed
582 2733 843 2815 gravescentibus
863 2735 897 2798 in
920 2733 988 2799 dies
1009 2732 1145 2817 publicis
1166 2731 1258 2796 malis
1280 2729 1356 2795 sub-

141 2812 288 2935 ”22‘3‘
312 2835 393 2900 sidia
421 2837 655 2921 minuebantur,
690 2836 1004 2918 concessitque-vita
1033 2837 1160 2919 Burrus,
1194 2835 1355 2899 incertum

148 2950 224 3004 tant
237 2952 281 2997 cau
311 2940 495 3007 valetudine
510 2961 552 3006 an
568 2961 700 3007 veneno.
723 2941 874 3007 valetudo
890 2961 983 3005 exeo
999 2940 1244 3020 coniectabatur,
1265 2939 1355 3020 quod

136 3019 293 3143 ωῗξὲἰῇζ,
310 3043 393 3109 inse
409 3046 657 3110 tumescentibus
678 3046 833 3129 paulatim
855 3045 1001 3110 faucibus
1023 3051 1054 3108 et
1068 3042 1220 3127 impedito
1243 3050 1354 3108 meatu

149 3159 282 3213 nautum.
311 3147 456 3230 spiritum
478 3147 619 3213 finiebat.
655 3149 761 3232 plures
783 3150 869 3214 iussu
891 3148 1037 3232 Neronis,
1060 3148 1151 3228 quasi
1173 3146 1353 3211 remedium

309 3250 523 3335 adhiberetur,
546 3252 672 3316 inlitum
693 3254 836 3337 palatum
859 3253 926 3318 eius
947 3253 1042 3317 noxio
1064 3251 1275 3316 medicamine
1298 3251 1352 3315 ad·

310 3355 570 3436 severabant,’et
591 3356 727 3419 Burrum
750 3356 910 3421 intellecto
933 3357 1061 3439 scelere,
1089 3375 1161 3419 cum
1183 3354 1226 3419 ad
1248 3355 1352 3420 visen·

310 3459 385 3524 dum
415 3478 487 3523 eurn
516 3459 663 3543 princeps
691 3461 840 3543 venisset,
874 3466 1039 3543 aspectum
1068 3460 1136 3524 eius
1164 3465 1351 3523 aversatum

308 3562 481 3626 sciscitanti
508 3562 661 3627 hactenus
690 3562 906 3647 respondisse:
935 3556 1006 3646 ‘ego
1032 3583 1084 3627 me
1114 3563 1197 3627 bene
1223 3558 1350 3628 habeo'

308 3665 429 3730 civitati
458 3667 581 3748 grande
612 3665 803 3731 desiderium
834 3667 902 3731 eius
932 3667 1048 3731 mansit
1076 3686 1134 3749 per
1164 3666 1349 3730 memoriam

308 3768 433 3833 virtutis
456 3778 488 3832 et
511 3788 726 3833 successorum
749 3770 878 3834 alterius
905 3790 1036 3853 segnem
1057 3768 1283 3852 innocentiam,
1306 3769 1347 3831 al·

309 3871 405 3934 terius
431 3869 677 3953 flagrantissima
702 3870 833 3954 flagitia.
873 3874 989 3957 quippe
1015 3872 1134 3937 Caesar
1156 3871 1235 3936 duos
1261 3890 1347 3956 prae-
