2984 4275
365 270 369 275 .
473 233 498 271 a.
513 218 546 275 U¹
558 233 581 273 c.
594 222 654 276 817.
675 228 703 287 p.
716 217 780 273 Chr.
791 221 831 274 64.
1108 202 1170 267 133

136 391 299 473 exstruxit,
333 410 415 472 quae
446 391 679 457 multitudinem
712 392 840 477 inopem
873 394 1066 477 acciperent;
1101 394 1172 458 sub·

135 502 289 576 rectaque
319 496 469 561 utensilia
501 496 543 560 ab
577 494 666 561 Ostia
699 503 730 561 et
764 497 948 581 propinquis
985 497 1172 581 municipiis,

136 600 334 683 pretiumque
354 599 505 665 frumenti
527 601 683 665 minutum
702 620 802 682 usque
825 600 867 664 ad
890 607 996 666 ternos
1018 620 1172 665 nummos.

135 722 218 783 quae
234 722 428 785 quamquam
450 704 614 788 popularia
634 703 668 769 in
682 704 811 769 inritum
828 703 995 789 cadebant,
1019 705 1093 787 quia
1108 725 1174 789 per·

135 814 261 872 vaserat
288 827 394 872 rumor
414 809 485 892 ipso
513 815 654 892 tempore
680 807 846 890 flagrantis
871 809 958 874 urbis
984 808 1079 874 inisse
1101 829 1175 873 eum

135 911 342 976 domesticam
375 928 523 977 scaenam
552 919 584 976 et
615 913 767 977 cecinisse
797 912 971 978 Troianum
1004 913 1174 997 excidium,

135 1015 315 1100 praesentia
338 1017 422 1080 mala
444 1016 577 1082 vetustis
598 1015 742 1082 cladibus
764 1016 1018 1082 adsimulantem.

137 1167 139 1181 ι
239 1119 293 1184 40.
328 1118 424 1184 Sexto
455 1119 584 1185 demum
614 1120 666 1185 die
696 1121 783 1205 apud
811 1121 893 1186 imas
922 1120 1079 1203 Esquilias
1105 1120 1177 1186 finis
1201 1135 1349 1248 affluam

133 1222 282 1289 incendio
302 1223 414 1306 tactus,
438 1224 573 1308 prorutis
595 1244 653 1308 per
666 1225 849 1291 inmensum
870 1224 1032 1309 aedificiis,
1055 1231 1090 1290 ut
1106 1226 1176 1289 cori·
1201 1271 1350 1327 „mmm

136 1330 246 1393 tinuae
259 1327 431 1393 violentiae
454 1347 584 1413 campus
608 1334 640 1393 et
659 1329 747 1393 velut
769 1349 906 1394 vacuum
928 1329 1051 1394 caelum
1073 1349 1176 1396 occur·

136 1439 230 1497 reret.
253 1432 390 1497 necdum
412 1432 532 1516 positus
549 1439 661 1515 metus,
685 1439 717 1499 et
732 1432 825 1499 rediit
847 1433 925 1498 haut
940 1432 1041 1498 levius
1055 1452 1179 1501 rursum

137 1542 299 1619 grassatus
325 1536 407 1619 ignis
433 1536 547 1620 patulis
575 1536 677 1620 magis
699 1536 787 1601 urbis
816 1538 902 1619 locis,
933 1556 1034 1620 eoque
1054 1543 1179 1620 'strages

135 1640 299 1705 hominum
330 1640 446 1714 minor:
480 1639 615 1707 delubra
643 1639 739 1706 deum
770 1647 801 1705 et
831 1641 969 1725 porticus
994 1641 1179 1707 amoenitati

136 1743 260 1809 dicatae
282 1744 377 1809 latius
407 1743 577 1828 procidere.
615 1744 749 1829 plusque
771 1744 922 1810 infamiae
943 1745 977 1811 id
999 1745 1180 1811 incendium

137 1848 258 1932 habuit,
293 1850 368 1930 quia
404 1847 541 1932 praediis
574 1848 723 1932 Tigellini
756 1849 942 1916 Aemilianis
980 1856 1179 1934 proruperat;

138 1952 368 2035 videbaturque
388 1952 472 2017 Nero
488 1952 674 2018 condendae
696 1952 784 2018 urbis
806 1973 910 2018 novae
926 1960 958 2018 et
973 1959 1180 2036 cognomento

139 2076 195 2123 suo
224 2046 435 2142 appellandae
465 2057 598 2139 gloriam
626 2076 785 2141 quaerere.
826 2057 943 2142 quippe
972 2058 1006 2122 in
1032 2058 1178 2141 regiones
1228 2092 1230 2097 s

138 2161 390 2244 quattuordecim
409 2163 510 2227 Roma
533 2161 693 2246 dividitur,
718 2181 853 2244 quarum
869 2168 1018 2245 quattuor
1039 2162 1180 2244 integrae

139 2265 323 2348 manebant,
346 2270 411 2330 tres
427 2266 600 2331 solotenus
616 2264 773 2330 deiectae:
797 2272 920 2350 septem
935 2266 1062 2347 reliquis
1077 2284 1181 2349 pauca

138 2376 295 2435 tectorum
317 2369 452 2451 vestigia
475 2376 669 2453 supererant,
692 2370 798 2436 lacera
820 2377 852 2434 et
874 2376 1023 2435 semusta.
1213 2439 1215 2443 ,

136 2526 139 2529 .
241 2473 295 2539 41.
334 2474 495 2539 Domuum
528 2480 560 2538 et
596 2474 770 2539 insularum
801 2480 833 2539 et
866 2474 1064 2558 templorum,
1099 2491 1181 2553 quae
1216 2485 1343 2541 scottum

137 2577 259 2643 omissa
280 2584 364 2661 sunt,
387 2598 555 2642 numerum
576 2578 657 2643 inire
678 2577 765 2643 haud
787 2584 967 2663 promptum
988 2576 1095 2648 fuerit:
1123 2576 1180 2642 sed
1212 2557 1342 2671 ww&

138 2681 354 2747 vetustissima
382 2681 544 2766 religione,
575 2682 661 2763 quod
691 2681 820 2748 Servius
846 2682 969 2747 Tullius
997 2682 1117 2762 Lunae,
1149 2686 1180 2744 et
1207 2696 1347 2750 annesae.

135 2806 258 2867 ,magna
291 2801 347 2850 ara
380 2785 566 2868 fanumque,
607 2806 690 2868 quae
726 2787 886 2871 praesenti
921 2786 1050 2850 Herculi
1082 2784 1182 2850 Arcas

139 2889 291 2955 Evander
313 2896 503 2972 sacraverat,
526 2889 683 2973 aedesque
706 2889 839 2955 Statoris
855 2890 938 2955 Iovis
953 2896 1027 2955 vota
1049 2888 1184 2954 Romulo

138 2993 329 3075 Numaeque
352 2994 440 3076 regia
462 3000 495 3060 et
517 2993 684 3059 delubrum
700 2994 818 3059 Vestae
840 3014 912 3059 cum
934 2994 1107 3058 Penatibus
1129 3014 1181 3078 po-

140 3098 208 3180 puli
230 3097 366 3161 Romani
388 3104 514 3183 exusta3
542 3098 606 3163 iam
633 3117 709 3183 opes
738 3103 785 3164 tot
807 3098 943 3163 victoriis
966 3099 1129 3180 quaesitae
1153 3105 1186 3162 et

140 3200 336 3266 Graecarum
359 3202 475 3266 artium
505 3201 628 3283 decora,
657 3202 732 3267 exin
760 3209 965 3267 monumenta
986 3201 1185 3285 ingeniorum

141 3305 275 3388 antiqua
302 3311 333 3369 et
358 3306 550 3389 incorrupta,
581 3312 616 3370 ut
642 3305 788 3389 quamvis
814 3305 848 3370 in
877 3311 968 3371 tanta
995 3305 1186 3387 resurgentis

142 3409 230 3474 urbis
253 3409 489 3493 pulchritudine
511 3409 611 3475 multa
633 3410 772 3475 seniores
795 3410 1007 3494 meminerint,
1036 3428 1118 3491 quae
1139 3429 1185 3473 re-

140 3514 247 3597 parari
269 3512 454 3594 nequibant.
478 3512 566 3580 fuere
582 3512 637 3595 qui
659 3513 850 3579 adnotarent
866 3514 944 3579 XIV
960 3512 1032 3578 Kal.
1049 3511 1184 3578 Sextiles

141 3616 334 3701 principium
355 3616 493 3682 incendii
515 3617 608 3681 huius
630 3624 743 3701 ortum,
768 3637 830 3699 quo
847 3624 878 3683 et
894 3616 1035 3683 Senones
1058 3621 1185 3699 captam

142 3723 255 3787 urbem
278 3719 553 3788 inflammaverint.
577 3721 631 3785 alii
647 3741 684 3786 eo
700 3741 800 3803 usque
823 3741 899 3785 cura
921 3720 1077 3806 progressi
1099 3725 1182 3801 sunt,

143 3831 178 3889 ut
192 3825 324 3890 totidem
340 3844 440 3889 annos
456 3844 643 3907 mensesque
659 3831 690 3890 et
706 3825 775 3891 dies
790 3825 873 3890 inter
889 3832 1023 3907 utraque
1037 3822 1184 3889 incendia

145 3937 320 3998 numerent.
