2984 4275
472 217 496 255 a.
509 202 543 257 U.
556 217 578 256 c.
592 205 652 259 815.
676 219 703 272 p.
716 201 779 257 Chr.
793 206 835 259 62.
1111 189 1172 254 113

134 375 263 441 valebat
292 375 428 460 suspicio
461 377 494 440 in
529 395 621 442 servo
654 382 686 441 et
715 378 953 458 quaestionibus
986 380 1172 445 ancillarum
1221 399 1317 451 suerso

135 481 224 545 elusa
245 485 322 544 erat.
351 500 426 562 ergo
448 479 677 546 confessionem
700 481 831 547 alicuius
852 482 961 563 quaeri
983 483 1098 566 placet,
1122 485 1174 550 cui
1232 468 1306 514 Μ’

133 604 238 649 rerum
269 602 393 667 quoqne
423 604 578 649 novarum
610 585 729 650 crimen
759 585 982 669 adfingeretur.
1027 594 1059 652 et
1087 588 1173 654 visus

132 687 264 753 idoneus
294 693 456 752 maternae
485 689 572 754 necis
604 695 746 773 patrator
772 688 932 772 Anicetus,
964 691 1057 756 classi
1086 692 1173 775 apud

132 792 299 874 Misenum,
326 799 362 856 ut
388 794 570 876 memoravi,
598 793 787 876 praefectus,
814 794 878 859 levi
904 800 975 877 post
1000 795 1173 860 admissum

28 974 29 979 ἵ
132 897 233 962 scelus
248 897 361 981 gratia,
384 896 460 962 dein
474 897 619 979 graviore
635 897 716 980 odio,
740 899 816 980 quia
830 899 983 962 malorum
998 898 1173 964 facinorum

28 982 29 1043 ἶ
132 1000 270 1066 ministri
296 1001 385 1082 quasi
416 1002 642 1085 exprobrantes
671 1002 877 1085 aspiciuntur.
914 1002 1011 1086 igitur
1037 1004 1173 1069 accitum

28 1106 29 1165 ἶ
132 1125 206 1170 eum
228 1103 346 1170 Caesar
368 1124 483 1190 operae
509 1106 621 1189 prioris
643 1107 809 1171 admonet:
837 1107 939 1172 solum
965 1107 1172 1173 incolumitati

130 1209 283 1294 principis
304 1209 456 1275 adversus
477 1209 680 1275 insidiantem
696 1217 830 1276 matrem
845 1211 1044 1294 subvenisse;
1068 1213 1173 1278 locum

131 1313 219 1378 haud
241 1313 371 1377 minoris
396 1316 516 1396 gratiae
538 1314 666 1396 instare,
694 1315 721 1379 si
743 1314 910 1398 coniugem
937 1314 1098 1380 infensam
1120 1316 1172 1381 de-

28 1472 29 1483 ,
131 1417 273 1501 pelleret.
317 1437 378 1482 nee
407 1438 504 1482 manu
533 1425 588 1482 aut
621 1419 683 1483 telo
713 1438 806 1503 opus:
840 1419 993 1484 fateretur
1021 1419 1173 1485 Octaviae

131 1521 330 1586 adulterium.
367 1523 490 1587 occulta
513 1521 642 1604 quidem
669 1521 711 1587 ad
733 1542 892 1606 praesens,
921 1523 978 1590 sed
1000 1543 1119 1606 magna
1144 1525 1174 1588 ei

131 1624 275 1710 praemia
289 1633 322 1691 et
338 1644 480 1691 secessus
495 1646 645 1691 amoenos
659 1627 823 1711 promittit,
847 1628 907 1710 vel,
932 1629 959 1692 si
979 1628 1173 1713 negavisset,

131 1750 246 1796 necem
267 1731 412 1796 intentat.
435 1731 489 1796 ille
510 1730 606 1795 insita
620 1730 790 1796 vaecordia
813 1737 844 1795 et
858 1730 1010 1796 facilitate
1035 1732 1173 1815 priorum

28 1818 29 1859 ³
134 1833 326 1917 flagitiorum
347 1836 439 1919 plura
461 1835 557 1900 etiam
581 1855 676 1918 quam
697 1835 818 1900 iussum
842 1842 910 1900 erat
931 1835 1023 1918 fingit
1045 1836 1174 1900 fatetur-

135 1959 198 2021 que
213 1938 301 2024 apud
319 1939 447 2022 amicos,
471 1959 550 2020 quos
566 1940 652 2004 velut
667 1939 797 2005 consilio
813 1939 1002 2005 adhibuerat
1017 1940 1173 2024 princepe.

134 2049 201 2108 tum
226 2044 261 2108 in
289 2043 469 2109 Sardiniam
496 2043 631 2128 pellitur,
660 2044 715 2109 ubi
742 2064 806 2108 non
829 2044 921 2128 inops
947 2044 1078 2109 exilium
1099 2045 1175 2109 tole-

133 2149 217 2214 ravit
238 2155 271 2213 et
293 2148 359 2214 fato
382 2149 467 2214 obiit.

237 2253 289 2320 63.
312 2253 355 2316 At
376 2254 461 2318 Nero
483 2253 680 2335 praefectum
702 2252 736 2316 in
759 2272 849 2337 spem
870 2252 1040 2317 sociandae
1063 2253 1173 2318 classis
1196 2266 1342 2319 coronans

28 2353 29 2420 }
133 2363 325 2440 corruptum,
360 2363 392 2422 et
420 2357 583 2422 incusatae
610 2357 706 2441 paulo
736 2362 811 2421 ante
842 2356 1014 2421 sterilitatis
1048 2357 1163 2422 oblitus
1198 2337 1235 2381 m
1248 2334 1341 2381 mm

1163 2408 1172 2440 7

132 2462 267 2526 abactos
290 2467 398 2544 partus
412 2460 607 2526 conscientia
622 2459 799 2542 libidinum,
823 2480 924 2541 eaque
939 2460 1001 2525 sibi
1023 2467 1174 2544 conperta
1198 2405 1338 2528 aazias.

28 2567 30 2646 ζ
133 2564 239 2630 edicto
266 2571 418 2630 memorat
444 2565 610 2646 insulaque
637 2564 830 2629 Pandateria
852 2563 1017 2629 Octaviam
1045 2565 1172 2632 claudit.

28 2657 29 2686 l
132 2690 196 2735 non
225 2669 289 2733 alia
311 2669 385 2734 exul
411 2669 582 2734 visentium
605 2669 711 2735 oculos
734 2669 853 2734 maiore
879 2668 1095 2735 misericordia
1122 2670 1175 2735 ad-

28 2787 29 2796 *
132 2773 218 2839 fecit.
257 2774 468 2839 meminerant
494 2773 599 2838 adhuc
621 2772 752 2855 quidam
774 2773 968 2857 Agrippinae
993 2794 1013 2838 a
1035 2774 1172 2858 (liberio,

28 2881 29 2884 ’
132 2876 290 2943 recentior
311 2876 410 2941 Iuliae
432 2877 584 2942 memoria
606 2878 835 2942 obversabatur
857 2877 1023 2942 aOlaudio
1047 2879 1172 2961 pulsae:

132 2982 187 3047 sed
210 2981 273 3046 illis
296 2982 391 3046 robur
412 2981 525 3046 aetatis
547 2980 705 3064 adfuerat;
733 2982 819 3046 laeta
842 2982 949 3062 aliqua
970 2980 1118 3047 viderant
1141 2991 1173 3047 et

28 3159 29 3172 χ
131 3091 333 3171 praesentem
355 3086 521 3150 saevitiam
544 3085 679 3150 melioris
699 3086 775 3150 olim
789 3085 936 3151 fortunae
958 3086 1174 3152 recordatione

28 3245 29 3248 ,
131 3190 336 3256 adlevabant.
381 3189 455 3254 huic
484 3189 620 3272 primum
647 3190 828 3272 nuptiarum
859 3189 927 3254 dies
956 3191 1024 3255 loco
1054 3190 1173 3256 funeris

28 3307 29 3310 ’
132 3293 201 3376 fuit,
234 3293 389 3358 deductae
416 3294 450 3358 in
480 3293 618 3375 domum,
649 3292 682 3356 in
710 3311 773 3374 qua
800 3292 879 3357 nihil
905 3293 966 3358 nisi
995 3295 1172 3360 luctuosum

132 3398 276 3482 haberet,
300 3404 408 3481 erepto
431 3417 488 3481 per
501 3416 659 3462 venenum
681 3404 772 3481 patre
792 3403 824 3461 et
840 3398 947 3462 statim
969 3397 1080 3481 fratre,
1104 3404 1172 3462 tum

132 3502 251 3566 ancilla
272 3501 401 3567 domina
415 3501 549 3566 validior
564 3511 595 3565 et
608 3502 758 3585 Poppaea
779 3522 843 3566 non
863 3501 924 3566 nisi
945 3501 979 3564 in
1002 3501 1171 3584 perniciem

131 3606 240 3672 uxoris
263 3612 371 3689 nupta,
395 3613 552 3689 postremo
575 3605 694 3671 crimen
717 3605 804 3669 omni
825 3605 921 3670 exitio
943 3605 1079 3687 gravius.

235 3710 287 3776 64.
318 3711 365 3774 Ac
387 3710 493 3794 puella
514 3709 687 3775 vicensimo
715 3709 828 3774 aetatis
855 3729 939 3773 anno
961 3708 1043 3773 inter
1065 3717 1171 3775 centu·
1240 3721 1298 3774 otte

131 3814 237 3880 riones
260 3821 292 3879 et
314 3815 439 3897 milites,
463 3814 628 3898 praesagio
650 3814 806 3878 malorum
826 3813 891 3877 iam
905 3813 991 3877 vitae
1011 3822 1169 3898 exempta,
1193 3790 1339 3913 {ffiffiffg

132 3919 275 3983 nondum
296 3925 403 3984 tamen
427 3925 528 3983 morte
550 3918 785 3999 adquiescebat.
809 3918 918 4002 paucis
940 3916 1056 3983 dehinc
1077 3918 1170 3983 inter·
1195 3930 1232 3974 tet
1245 3930 1335 3974 easta.

184 4020 283 4076 usatica
297 4030 334 4074 bct
348 4029 446 4075 acutus.
461 4030 491 4071 11.
512 4028 550 4082 (o,
560 4029 645 4083 battus
658 4028 680 4072 in
694 4028 785 4082 scirpis.)
1050 4025 1066 4072 8
