<?xml version="1.0" encoding="UTF-8"?>
<!DOCTYPE html PUBLIC "-//W3C//DTD XHTML 1.0 Transitional//EN"
    "http://www.w3.org/TR/xhtml1/DTD/xhtml1-transitional.dtd">
<html xmlns="http://www.w3.org/1999/xhtml" xml:lang="en" lang="en">
 <head>
  <title>
</title>
<meta http-equiv="Content-Type" content="text/html;charset=utf-8" />
  <meta name='ocr-system' content='tesseract 3.04.00' />
  <meta name='ocr-capabilities' content='ocr_page ocr_carea ocr_par ocr_line ocrx_word'/>
</head>
<body>
  <div class='ocr_page' id='page_1' title='image "./dieannalendespc00chrigoog_0168.png"; bbox 0 0 2984 4275; ppageno 0'>
   <div class='ocr_carea' id='block_1_1' title="bbox 493 179 1195 261">
    <p class='ocr_par' dir='ltr' id='par_1_1' title="bbox 493 179 1195 261">
     <span class='ocr_line' id='line_1_1' title="bbox 493 179 1195 261; baseline -0.007 -15"><span class='ocrx_word' id='word_1_1' title='bbox 493 193 673 250; x_wconf 71' lang='lat' dir='ltr'><strong>ancara.</strong></span> <span class='ocrx_word' id='word_1_2' title='bbox 697 193 800 261; x_wconf 65' lang='lat' dir='ltr'><strong>pone</strong></span> <span class='ocrx_word' id='word_1_3' title='bbox 814 198 855 250; x_wconf 80' lang='lat' dir='ltr'><strong>es.</strong></span> <span class='ocrx_word' id='word_1_4' title='bbox 1134 179 1195 242; x_wconf 77' lang='lat'><strong>147</strong></span> 
     </span>
    </p>
   </div>
   <div class='ocr_carea' id='block_1_2' title="bbox 153 365 1374 3879">
    <p class='ocr_par' dir='ltr' id='par_1_2' title="bbox 153 365 1196 761">
     <span class='ocr_line' id='line_1_2' title="bbox 153 365 1196 450; baseline 0.004 -22"><span class='ocrx_word' id='word_1_5' title='bbox 153 365 223 439; x_wconf 79' lang='lat' dir='ltr'><strong>Iovi</strong></span> <span class='ocrx_word' id='word_1_6' title='bbox 250 365 418 430; x_wconf 90' lang='lat' dir='ltr'><strong>liberatori.</strong></span> <span class='ocrx_word' id='word_1_7' title='bbox 458 366 543 430; x_wconf 86' lang='lat' dir='ltr'><strong>exim</strong></span> <span class='ocrx_word' id='word_1_8' title='bbox 570 368 686 432; x_wconf 93' lang='lat' dir='ltr'><strong>balneo</strong></span> <span class='ocrx_word' id='word_1_9' title='bbox 713 368 831 432; x_wconf 90' lang='lat' dir='ltr'><strong>inlatus</strong></span> <span class='ocrx_word' id='word_1_10' title='bbox 857 374 889 432; x_wconf 88' lang='lat' dir='ltr'><strong>et</strong></span> <span class='ocrx_word' id='word_1_11' title='bbox 910 388 1027 450; x_wconf 82' lang='lat' dir='ltr'><strong>vapore</strong></span> <span class='ocrx_word' id='word_1_12' title='bbox 1055 369 1122 433; x_wconf 90' lang='lat' dir='ltr'><strong>eius</strong></span> <span class='ocrx_word' id='word_1_13' title='bbox 1144 389 1196 435; x_wconf 84' lang='lat' dir='ltr'><strong>ex·</strong></span> 
     </span>
     <span class='ocr_line' id='line_1_3' title="bbox 154 469 1195 551; baseline 0.005 -19"><span class='ocrx_word' id='word_1_14' title='bbox 154 469 324 551; x_wconf 89' lang='lat' dir='ltr'><strong>animatus,</strong></span> <span class='ocrx_word' id='word_1_15' title='bbox 353 470 421 534; x_wconf 93' lang='lat' dir='ltr'><strong>sine</strong></span> <span class='ocrx_word' id='word_1_16' title='bbox 444 471 507 535; x_wconf 92' lang='lat' dir='ltr'><strong>ullo</strong></span> <span class='ocrx_word' id='word_1_17' title='bbox 531 470 651 536; x_wconf 86' lang='lat' dir='ltr'><strong>funeris</strong></span> <span class='ocrx_word' id='word_1_18' title='bbox 673 472 819 537; x_wconf 81' lang='lat' dir='ltr'>sollemni</span> <span class='ocrx_word' id='word_1_19' title='bbox 841 480 1009 538; x_wconf 90' lang='lat' dir='ltr'><strong>crematur.</strong></span> <span class='ocrx_word' id='word_1_20' title='bbox 1047 473 1092 537; x_wconf 90' lang='lat' dir='ltr'><strong>ita</strong></span> <span class='ocrx_word' id='word_1_21' title='bbox 1114 473 1195 538; x_wconf 90' lang='lat' dir='ltr'><strong>codi-</strong></span> 
     </span>
     <span class='ocr_line' id='line_1_4' title="bbox 153 573 1196 660; baseline 0.006 -24"><span class='ocrx_word' id='word_1_22' title='bbox 153 573 235 637; x_wconf 87' lang='lat' dir='ltr'><strong>cillis</strong></span> <span class='ocrx_word' id='word_1_23' title='bbox 261 575 516 656; x_wconf 80' lang='lat' dir='ltr'><strong>praescripserat,</strong></span> <span class='ocrx_word' id='word_1_24' title='bbox 547 593 618 638; x_wconf 91' lang='lat' dir='ltr'><strong>cum</strong></span> <span class='ocrx_word' id='word_1_25' title='bbox 642 575 738 639; x_wconf 87' lang='lat' dir='ltr'><strong>etiam</strong></span> <span class='ocrx_word' id='word_1_26' title='bbox 762 582 830 639; x_wconf 91' lang='lat' dir='ltr'><strong>tum</strong></span> <span class='ocrx_word' id='word_1_27' title='bbox 857 575 1024 659; x_wconf 82' lang='lat' dir='ltr'><strong>praedives</strong></span> <span class='ocrx_word' id='word_1_28' title='bbox 1053 583 1085 641; x_wconf 85' lang='lat' dir='ltr'><strong>et</strong></span> <span class='ocrx_word' id='word_1_29' title='bbox 1107 598 1196 660; x_wconf 90' lang='lat' dir='ltr'><strong>prae·</strong></span> 
     </span>
     <span class='ocr_line' id='line_1_5' title="bbox 154 677 740 761; baseline 0.003 -20"><span class='ocrx_word' id='word_1_30' title='bbox 154 684 268 761; x_wconf 90' lang='lat' dir='ltr'><strong>potens</strong></span> <span class='ocrx_word' id='word_1_31' title='bbox 291 677 447 760; x_wconf 87' lang='lat' dir='ltr'><strong>supremis</strong></span> <span class='ocrx_word' id='word_1_32' title='bbox 469 678 533 742; x_wconf 90' lang='lat' dir='ltr'><strong>suis</strong></span> <span class='ocrx_word' id='word_1_33' title='bbox 556 680 740 743; x_wconf 82' lang='lat' dir='ltr'><strong>consuleret.</strong></span> 
     </span>
    </p>

    <p class='ocr_par' dir='ltr' id='par_1_3' title="bbox 153 781 1371 1677">
     <span class='ocr_line' id='line_1_6' title="bbox 259 781 1371 855; baseline 0.001 -11"><span class='ocrx_word' id='word_1_34' title='bbox 259 781 310 846; x_wconf 74' lang='grc'><strong>65.</strong></span> <span class='ocrx_word' id='word_1_35' title='bbox 335 782 436 845; x_wconf 82' lang='lat' dir='ltr'>Fama</span> <span class='ocrx_word' id='word_1_36' title='bbox 458 781 517 846; x_wconf 80' lang='lat' dir='ltr'><strong>luit</strong></span> <span class='ocrx_word' id='word_1_37' title='bbox 541 781 689 847; x_wconf 84' lang='lat' dir='ltr'><strong>Subrium</strong></span> <span class='ocrx_word' id='word_1_38' title='bbox 709 783 844 847; x_wconf 82' lang='lat' dir='ltr'><strong>Flavum</strong></span> <span class='ocrx_word' id='word_1_39' title='bbox 867 803 939 848; x_wconf 89' lang='lat' dir='ltr'><strong>cum</strong></span> <span class='ocrx_word' id='word_1_40' title='bbox 962 783 1195 850; x_wconf 84' lang='lat' dir='ltr'><strong>centurionibus</strong></span> <span class='ocrx_word' id='word_1_41' title='bbox 1213 800 1371 855; x_wconf 59' lang='lat' dir='ltr'><strong>assumor,</strong></span> 
     </span>
     <span class='ocr_line' id='line_1_7' title="bbox 154 871 1363 992; baseline 0.002 -42"><span class='ocrx_word' id='word_1_42' title='bbox 154 885 276 950; x_wconf 89' lang='lat' dir='ltr'><strong>occulto</strong></span> <span class='ocrx_word' id='word_1_43' title='bbox 299 886 438 969; x_wconf 88' lang='lat' dir='ltr'><strong>consilio,</strong></span> <span class='ocrx_word' id='word_1_44' title='bbox 462 906 566 968; x_wconf 90' lang='lat' dir='ltr'><strong>neque</strong></span> <span class='ocrx_word' id='word_1_45' title='bbox 589 893 696 951; x_wconf 89' lang='lat' dir='ltr'><strong>tamen</strong></span> <span class='ocrx_word' id='word_1_46' title='bbox 718 888 884 969; x_wconf 80' lang='lat' dir='ltr'><strong>ignorante</strong></span> <span class='ocrx_word' id='word_1_47' title='bbox 904 888 1036 971; x_wconf 84' lang='lat' dir='ltr'><strong>Seneca,</strong></span> <span class='ocrx_word' id='word_1_48' title='bbox 1060 888 1195 953; x_wconf 89' lang='lat' dir='ltr'><strong>destina·</strong></span> <span class='ocrx_word' id='word_1_49' title='bbox 1218 871 1363 992; x_wconf 45' lang='lat' dir='ltr'><strong>mazam</strong></span> 
     </span>
     <span class='ocr_line' id='line_1_8' title="bbox 154 989 1343 1074; baseline -0.001 -20"><span class='ocrx_word' id='word_1_50' title='bbox 154 989 246 1073; x_wconf 84' lang='lat' dir='ltr'><strong>visse,</strong></span> <span class='ocrx_word' id='word_1_51' title='bbox 270 996 305 1053; x_wconf 91' lang='lat' dir='ltr'><strong>ut</strong></span> <span class='ocrx_word' id='word_1_52' title='bbox 328 996 398 1072; x_wconf 91' lang='lat' dir='ltr'><strong>post</strong></span> <span class='ocrx_word' id='word_1_53' title='bbox 421 990 559 1054; x_wconf 90' lang='lat' dir='ltr'><strong>occisum</strong></span> <span class='ocrx_word' id='word_1_54' title='bbox 582 1010 679 1073; x_wconf 87' lang='lat' dir='ltr'><strong>opera</strong></span> <span class='ocrx_word' id='word_1_55' title='bbox 701 992 826 1056; x_wconf 91' lang='lat' dir='ltr'><strong>Pisonis</strong></span> <span class='ocrx_word' id='word_1_56' title='bbox 849 992 1007 1055; x_wconf 91' lang='lat' dir='ltr'><strong>Neronem</strong></span> <span class='ocrx_word' id='word_1_57' title='bbox 1030 993 1101 1057; x_wconf 90' lang='lat' dir='ltr'><strong>Piso</strong></span> <span class='ocrx_word' id='word_1_58' title='bbox 1120 1012 1194 1074; x_wconf 91' lang='lat' dir='ltr'><strong>quo·</strong></span> <span class='ocrx_word' id='word_1_59' title='bbox 1237 1009 1343 1063; x_wconf 69' lang='lat' dir='ltr'><strong>amisa</strong></span> 
     </span>
     <span class='ocr_line' id='line_1_9' title="bbox 154 1078 1344 1178; baseline 0.003 -21"><span class='ocrx_word' id='word_1_60' title='bbox 154 1113 215 1175; x_wconf 89' lang='lat' dir='ltr'><strong>que</strong></span> <span class='ocrx_word' id='word_1_61' title='bbox 239 1093 467 1157; x_wconf 88' lang='lat' dir='ltr'><strong>interficeretur</strong></span> <span class='ocrx_word' id='word_1_62' title='bbox 481 1093 719 1175; x_wconf 89' lang='lat' dir='ltr'><strong>tradereturque</strong></span> <span class='ocrx_word' id='word_1_63' title='bbox 741 1095 909 1178; x_wconf 85' lang='lat' dir='ltr'><strong>imperium</strong></span> <span class='ocrx_word' id='word_1_64' title='bbox 932 1094 1084 1176; x_wconf 89' lang='lat' dir='ltr'><strong>Senecae,</strong></span> <span class='ocrx_word' id='word_1_65' title='bbox 1105 1097 1195 1176; x_wconf 86' lang='lat' dir='ltr'><strong>quasi</strong></span> <span class='ocrx_word' id='word_1_66' title='bbox 1239 1078 1344 1130; x_wconf 54' lang='lat' dir='ltr'><strong>”mmm</strong></span> 
     </span>
     <span class='ocr_line' id='line_1_10' title="bbox 153 1197 1194 1282; baseline 0.004 -22"><span class='ocrx_word' id='word_1_67' title='bbox 153 1197 333 1262; x_wconf 87' lang='lat' dir='ltr'><strong>insontibus</strong></span> <span class='ocrx_word' id='word_1_68' title='bbox 367 1197 554 1261; x_wconf 86' lang='lat' dir='ltr'><strong>claritudine</strong></span> <span class='ocrx_word' id='word_1_69' title='bbox 582 1198 733 1262; x_wconf 83' lang='lat' dir='ltr'><strong>virtutum</strong></span> <span class='ocrx_word' id='word_1_70' title='bbox 768 1198 809 1263; x_wconf 93' lang='lat' dir='ltr'><strong>ad</strong></span> <span class='ocrx_word' id='word_1_71' title='bbox 843 1219 1002 1263; x_wconf 92' lang='lat' dir='ltr'><strong>summum</strong></span> <span class='ocrx_word' id='word_1_72' title='bbox 1033 1200 1194 1282; x_wconf 78' lang='lat' dir='ltr'><strong>fastigium</strong></span> 
     </span>
     <span class='ocr_line' id='line_1_11' title="bbox 154 1300 1195 1384; baseline 0.005 -21"><span class='ocrx_word' id='word_1_73' title='bbox 154 1300 286 1365; x_wconf 89' lang='lat' dir='ltr'><strong>delecto.</strong></span> <span class='ocrx_word' id='word_1_74' title='bbox 325 1300 402 1382; x_wconf 92' lang='lat' dir='ltr'><strong>quin</strong></span> <span class='ocrx_word' id='word_1_75' title='bbox 433 1308 464 1364; x_wconf 89' lang='lat' dir='ltr'><strong>et</strong></span> <span class='ocrx_word' id='word_1_76' title='bbox 492 1302 590 1365; x_wconf 88' lang='lat' dir='ltr'><strong>verba</strong></span> <span class='ocrx_word' id='word_1_77' title='bbox 619 1302 712 1366; x_wconf 87' lang='lat' dir='ltr'><strong>Flavi</strong></span> <span class='ocrx_word' id='word_1_78' title='bbox 733 1302 954 1384; x_wconf 82' lang='lat' dir='ltr'><strong>vulgabantur,</strong></span> <span class='ocrx_word' id='word_1_79' title='bbox 984 1324 1047 1368; x_wconf 90' lang='lat' dir='ltr'><strong>nou</strong></span> <span class='ocrx_word' id='word_1_80' title='bbox 1078 1303 1195 1368; x_wconf 86' lang='lat' dir='ltr'><strong>referre</strong></span> 
     </span>
     <span class='ocr_line' id='line_1_12' title="bbox 154 1404 1195 1488; baseline 0.003 -21"><span class='ocrx_word' id='word_1_81' title='bbox 154 1404 310 1488; x_wconf 87' lang='lat' dir='ltr'><strong>dedecori,</strong></span> <span class='ocrx_word' id='word_1_82' title='bbox 342 1405 368 1468; x_wconf 92' lang='lat' dir='ltr'><strong>si</strong></span> <span class='ocrx_word' id='word_1_83' title='bbox 396 1404 595 1469; x_wconf 88' lang='lat' dir='ltr'><strong>citharoedus</strong></span> <span class='ocrx_word' id='word_1_84' title='bbox 623 1406 843 1470; x_wconf 89' lang='lat' dir='ltr'><strong>demoveretur</strong></span> <span class='ocrx_word' id='word_1_85' title='bbox 870 1412 901 1470; x_wconf 88' lang='lat' dir='ltr'><strong>et</strong></span> <span class='ocrx_word' id='word_1_86' title='bbox 931 1406 1103 1488; x_wconf 84' lang='lat' dir='ltr'><strong>tragoedus</strong></span> <span class='ocrx_word' id='word_1_87' title='bbox 1130 1427 1195 1472; x_wconf 91' lang='lat' dir='ltr'><strong>suc-</strong></span> 
     </span>
     <span class='ocr_line' id='line_1_13' title="bbox 154 1508 1196 1593; baseline 0.002 -21"><span class='ocrx_word' id='word_1_88' title='bbox 154 1508 290 1590; x_wconf 85' lang='lat' dir='ltr'><strong>cederet,</strong></span> <span class='ocrx_word' id='word_1_89' title='bbox 323 1509 397 1590; x_wconf 90' lang='lat' dir='ltr'><strong>quia</strong></span> <span class='ocrx_word' id='word_1_90' title='bbox 425 1516 459 1573; x_wconf 92' lang='lat' dir='ltr'><strong>ut</strong></span> <span class='ocrx_word' id='word_1_91' title='bbox 486 1511 571 1574; x_wconf 90' lang='lat' dir='ltr'><strong>Nero</strong></span> <span class='ocrx_word' id='word_1_92' title='bbox 601 1508 731 1591; x_wconf 88' lang='lat' dir='ltr'><strong>cithara,</strong></span> <span class='ocrx_word' id='word_1_93' title='bbox 763 1510 808 1574; x_wconf 91' lang='lat' dir='ltr'><strong>ita</strong></span> <span class='ocrx_word' id='word_1_94' title='bbox 835 1511 906 1575; x_wconf 90' lang='lat' dir='ltr'><strong>Piso</strong></span> <span class='ocrx_word' id='word_1_95' title='bbox 937 1511 1057 1593; x_wconf 81' lang='lat' dir='ltr'><strong>tragico</strong></span> <span class='ocrx_word' id='word_1_96' title='bbox 1084 1518 1196 1574; x_wconf 92' lang='lat' dir='ltr'><strong>ornatu</strong></span> 
     </span>
     <span class='ocr_line' id='line_1_14' title="bbox 155 1613 301 1677; baseline 0.007 -1"><span class='ocrx_word' id='word_1_97' title='bbox 155 1613 301 1677; x_wconf 89' lang='lat' dir='ltr'><strong>canebat.</strong></span> 
     </span>
    </p>

    <p class='ocr_par' dir='ltr' id='par_1_4' title="bbox 154 1716 1370 2842">
     <span class='ocr_line' id='line_1_15' title="bbox 259 1716 1370 1800; baseline 0 -21"><span class='ocrx_word' id='word_1_98' title='bbox 259 1717 311 1781; x_wconf 85' lang='lat'><strong>66.</strong></span> <span class='ocrx_word' id='word_1_99' title='bbox 336 1716 483 1781; x_wconf 76' lang='lat' dir='ltr'><strong>Ceterum</strong></span> <span class='ocrx_word' id='word_1_100' title='bbox 506 1717 649 1782; x_wconf 84' lang='lat' dir='ltr'><strong>militaris</strong></span> <span class='ocrx_word' id='word_1_101' title='bbox 672 1737 797 1799; x_wconf 91' lang='lat' dir='ltr'><strong>quoque</strong></span> <span class='ocrx_word' id='word_1_102' title='bbox 820 1719 1008 1800; x_wconf 89' lang='lat' dir='ltr'><strong>conspiratio</strong></span> <span class='ocrx_word' id='word_1_103' title='bbox 1032 1739 1094 1782; x_wconf 91' lang='lat' dir='ltr'><strong>non</strong></span> <span class='ocrx_word' id='word_1_104' title='bbox 1114 1719 1196 1783; x_wconf 89' lang='lat' dir='ltr'><strong>ultra</strong></span> <span class='ocrx_word' id='word_1_105' title='bbox 1213 1735 1297 1790; x_wconf 70' lang='lat' dir='ltr'><strong>sarus</strong></span> <span class='ocrx_word' id='word_1_106' title='bbox 1316 1735 1370 1780; x_wconf 74' lang='lat' dir='ltr'><strong>arto</strong></span> 
     </span>
     <span class='ocr_line' id='line_1_16' title="bbox 155 1808 1343 1927; baseline 0.002 -43"><span class='ocrx_word' id='word_1_107' title='bbox 155 1821 276 1905; x_wconf 86' lang='lat' dir='ltr'><strong>fefellit,</strong></span> <span class='ocrx_word' id='word_1_108' title='bbox 297 1822 437 1885; x_wconf 87' lang='lat' dir='ltr'><strong>accensis</strong></span> <span class='ocrx_word' id='word_1_109' title='bbox 452 1821 610 1886; x_wconf 90' lang='lat' dir='ltr'><strong>indicibus</strong></span> <span class='ocrx_word' id='word_1_110' title='bbox 625 1821 667 1885; x_wconf 92' lang='lat' dir='ltr'><strong>ad</strong></span> <span class='ocrx_word' id='word_1_111' title='bbox 682 1822 883 1905; x_wconf 89' lang='lat' dir='ltr'><strong>prodendum</strong></span> <span class='ocrx_word' id='word_1_112' title='bbox 897 1823 1052 1886; x_wconf 82' lang='lat' dir='ltr'><strong>Faenium</strong></span> <span class='ocrx_word' id='word_1_113' title='bbox 1067 1822 1195 1905; x_wconf 87' lang='lat' dir='ltr'><strong>Rufum,</strong></span> <span class='ocrx_word' id='word_1_114' title='bbox 1239 1808 1343 1927; x_wconf 45' lang='lat' dir='ltr'><strong>mg</strong></span> 
     </span>
     <span class='ocr_line' id='line_1_17' title="bbox 154 1926 1361 2009; baseline -0.001 -20"><span class='ocrx_word' id='word_1_115' title='bbox 154 1947 251 2008; x_wconf 92' lang='lat' dir='ltr'><strong>quem</strong></span> <span class='ocrx_word' id='word_1_116' title='bbox 273 1926 410 1990; x_wconf 89' lang='lat' dir='ltr'><strong>eundem</strong></span> <span class='ocrx_word' id='word_1_117' title='bbox 434 1927 593 1991; x_wconf 90' lang='lat' dir='ltr'><strong>conscium</strong></span> <span class='ocrx_word' id='word_1_118' title='bbox 625 1932 657 1990; x_wconf 90' lang='lat' dir='ltr'><strong>et</strong></span> <span class='ocrx_word' id='word_1_119' title='bbox 677 1927 896 2009; x_wconf 86' lang='lat' dir='ltr'><strong>inquisitorem</strong></span> <span class='ocrx_word' id='word_1_120' title='bbox 919 1947 982 1991; x_wconf 93' lang='lat' dir='ltr'><strong>non</strong></span> <span class='ocrx_word' id='word_1_121' title='bbox 1006 1926 1194 1991; x_wconf 90' lang='lat' dir='ltr'><strong>tolerabant.</strong></span> <span class='ocrx_word' id='word_1_122' title='bbox 1227 1955 1361 1998; x_wconf 65' lang='lat' dir='ltr'><strong>namma.</strong></span> 
     </span>
     <span class='ocr_line' id='line_1_18' title="bbox 155 2029 1196 2111; baseline -0.002 -17"><span class='ocrx_word' id='word_1_123' title='bbox 155 2049 230 2111; x_wconf 83' lang='lat' dir='ltr'><strong>ergo</strong></span> <span class='ocrx_word' id='word_1_124' title='bbox 253 2031 386 2096; x_wconf 92' lang='lat' dir='ltr'><strong>instanti</strong></span> <span class='ocrx_word' id='word_1_125' title='bbox 408 2031 630 2111; x_wconf 91' lang='lat' dir='ltr'><strong>minitantique</strong></span> <span class='ocrx_word' id='word_1_126' title='bbox 659 2030 806 2094; x_wconf 86' lang='lat' dir='ltr'><strong>renidens</strong></span> <span class='ocrx_word' id='word_1_127' title='bbox 834 2029 1008 2094; x_wconf 88' lang='lat' dir='ltr'><strong>Scaevinus</strong></span> <span class='ocrx_word' id='word_1_128' title='bbox 1035 2029 1196 2094; x_wconf 89' lang='lat' dir='ltr'><strong>neminem</strong></span> 
     </span>
     <span class='ocr_line' id='line_1_19' title="bbox 154 2134 1197 2218; baseline -0.001 -19"><span class='ocrx_word' id='word_1_129' title='bbox 154 2135 198 2199; x_wconf 90' lang='lat' dir='ltr'><strong>ait</strong></span> <span class='ocrx_word' id='word_1_130' title='bbox 226 2134 317 2218; x_wconf 86' lang='lat' dir='ltr'><strong>plura</strong></span> <span class='ocrx_word' id='word_1_131' title='bbox 345 2135 424 2198; x_wconf 88' lang='lat' dir='ltr'><strong>seire</strong></span> <span class='ocrx_word' id='word_1_132' title='bbox 451 2155 546 2217; x_wconf 94' lang='lat' dir='ltr'><strong>quam</strong></span> <span class='ocrx_word' id='word_1_133' title='bbox 568 2135 682 2218; x_wconf 87' lang='lat' dir='ltr'><strong>ipsum,</strong></span> <span class='ocrx_word' id='word_1_134' title='bbox 709 2134 916 2215; x_wconf 85' lang='lat' dir='ltr'><strong>hortaturque</strong></span> <span class='ocrx_word' id='word_1_135' title='bbox 937 2135 1028 2215; x_wconf 92' lang='lat' dir='ltr'><strong>ultro,</strong></span> <span class='ocrx_word' id='word_1_136' title='bbox 1051 2134 1197 2199; x_wconf 85' lang='lat' dir='ltr'><strong>redderet</strong></span> 
     </span>
     <span class='ocr_line' id='line_1_20' title="bbox 154 2238 1196 2322; baseline 0 -19"><span class='ocrx_word' id='word_1_137' title='bbox 154 2245 221 2303; x_wconf 91' lang='lat' dir='ltr'><strong>tam</strong></span> <span class='ocrx_word' id='word_1_138' title='bbox 246 2239 327 2303; x_wconf 93' lang='lat' dir='ltr'><strong>bono</strong></span> <span class='ocrx_word' id='word_1_139' title='bbox 350 2239 483 2322; x_wconf 85' lang='lat' dir='ltr'><strong>principi</strong></span> <span class='ocrx_word' id='word_1_140' title='bbox 506 2239 618 2303; x_wconf 85' lang='lat' dir='ltr'><strong>vicem.</strong></span> <span class='ocrx_word' id='word_1_141' title='bbox 644 2259 707 2303; x_wconf 90' lang='lat' dir='ltr'><strong>non</strong></span> <span class='ocrx_word' id='word_1_142' title='bbox 728 2258 790 2302; x_wconf 82' lang='lat' dir='ltr'><strong>vox</strong></span> <span class='ocrx_word' id='word_1_143' title='bbox 815 2238 981 2302; x_wconf 88' lang='lat' dir='ltr'><strong>adversum</strong></span> <span class='ocrx_word' id='word_1_144' title='bbox 1006 2259 1045 2301; x_wconf 91' lang='lat' dir='ltr'><strong>ea</strong></span> <span class='ocrx_word' id='word_1_145' title='bbox 1066 2238 1196 2320; x_wconf 84' lang='lat' dir='ltr'><strong>Faenio,</strong></span> 
     </span>
     <span class='ocr_line' id='line_1_21' title="bbox 154 2342 1197 2426; baseline -0.002 -19"><span class='ocrx_word' id='word_1_146' title='bbox 154 2363 218 2407; x_wconf 92' lang='lat' dir='ltr'><strong>non</strong></span> <span class='ocrx_word' id='word_1_147' title='bbox 241 2344 411 2425; x_wconf 88' lang='lat' dir='ltr'><strong>silentium,</strong></span> <span class='ocrx_word' id='word_1_148' title='bbox 435 2343 493 2407; x_wconf 91' lang='lat' dir='ltr'><strong>sed</strong></span> <span class='ocrx_word' id='word_1_149' title='bbox 508 2344 607 2408; x_wconf 87' lang='lat' dir='ltr'><strong>verba</strong></span> <span class='ocrx_word' id='word_1_150' title='bbox 628 2363 687 2407; x_wconf 91' lang='lat' dir='ltr'><strong>sua</strong></span> <span class='ocrx_word' id='word_1_151' title='bbox 709 2343 919 2426; x_wconf 90' lang='lat' dir='ltr'><strong>praepediens</strong></span> <span class='ocrx_word' id='word_1_152' title='bbox 942 2348 974 2405; x_wconf 93' lang='lat' dir='ltr'><strong>et</strong></span> <span class='ocrx_word' id='word_1_153' title='bbox 990 2342 1115 2423; x_wconf 89' lang='lat' dir='ltr'><strong>pavoris</strong></span> <span class='ocrx_word' id='word_1_154' title='bbox 1134 2360 1197 2405; x_wconf 92' lang='lat' dir='ltr'><strong>ma·</strong></span> 
     </span>
     <span class='ocr_line' id='line_1_22' title="bbox 155 2445 1198 2530; baseline -0.003 -19"><span class='ocrx_word' id='word_1_155' title='bbox 155 2447 298 2530; x_wconf 79' lang='lat' dir='ltr'><strong>nit&#39;estus,</strong></span> <span class='ocrx_word' id='word_1_156' title='bbox 330 2447 507 2527; x_wconf 88' lang='lat' dir='ltr'><strong>ceterisque</strong></span> <span class='ocrx_word' id='word_1_157' title='bbox 534 2453 567 2512; x_wconf 92' lang='lat' dir='ltr'><strong>et</strong></span> <span class='ocrx_word' id='word_1_158' title='bbox 594 2447 732 2511; x_wconf 80' lang='lat' dir='ltr'><strong>maxime</strong></span> <span class='ocrx_word' id='word_1_159' title='bbox 760 2446 907 2511; x_wconf 77' lang='lat' dir='ltr'><strong>Cervario</strong></span> <span class='ocrx_word' id='word_1_160' title='bbox 934 2446 1064 2511; x_wconf 90' lang='lat' dir='ltr'><strong>Proculo</strong></span> <span class='ocrx_word' id='word_1_161' title='bbox 1092 2445 1198 2526; x_wconf 91' lang='lat' dir='ltr'><strong>equite</strong></span> 
     </span>
     <span class='ocr_line' id='line_1_23' title="bbox 156 2550 1198 2633; baseline -0.001 -19"><span class='ocrx_word' id='word_1_162' title='bbox 156 2551 299 2616; x_wconf 88' lang='lat' dir='ltr'><strong>Romano</strong></span> <span class='ocrx_word' id='word_1_163' title='bbox 322 2551 363 2615; x_wconf 92' lang='lat' dir='ltr'><strong>ad</strong></span> <span class='ocrx_word' id='word_1_164' title='bbox 386 2551 639 2616; x_wconf 88' lang='lat' dir='ltr'><strong>convincendum</strong></span> <span class='ocrx_word' id='word_1_165' title='bbox 662 2570 736 2615; x_wconf 90' lang='lat' dir='ltr'><strong>eum</strong></span> <span class='ocrx_word' id='word_1_166' title='bbox 752 2551 875 2631; x_wconf 87' lang='lat' dir='ltr'><strong>conisis,</strong></span> <span class='ocrx_word' id='word_1_167' title='bbox 900 2550 987 2615; x_wconf 92' lang='lat' dir='ltr'><strong>iussu</strong></span> <span class='ocrx_word' id='word_1_168' title='bbox 1001 2550 1198 2633; x_wconf 90' lang='lat' dir='ltr'><strong>imperatoris</strong></span> 
     </span>
     <span class='ocr_line' id='line_1_24' title="bbox 156 2653 1196 2737; baseline -0.001 -19"><span class='ocrx_word' id='word_1_169' title='bbox 156 2675 176 2718; x_wconf 89' lang='lat' dir='ltr'><strong>a</strong></span> <span class='ocrx_word' id='word_1_170' title='bbox 198 2655 307 2719; x_wconf 82' lang='lat' dir='ltr'><strong>Cassio</strong></span> <span class='ocrx_word' id='word_1_171' title='bbox 331 2655 440 2737; x_wconf 91' lang='lat' dir='ltr'><strong>milite,</strong></span> <span class='ocrx_word' id='word_1_172' title='bbox 468 2654 522 2735; x_wconf 92' lang='lat' dir='ltr'><strong>qui</strong></span> <span class='ocrx_word' id='word_1_173' title='bbox 545 2655 585 2719; x_wconf 95' lang='lat' dir='ltr'><strong>ob</strong></span> <span class='ocrx_word' id='word_1_174' title='bbox 608 2655 733 2736; x_wconf 84' lang='lat' dir='ltr'><strong>insigne</strong></span> <span class='ocrx_word' id='word_1_175' title='bbox 757 2655 893 2737; x_wconf 90' lang='lat' dir='ltr'><strong>corporis</strong></span> <span class='ocrx_word' id='word_1_176' title='bbox 921 2654 1017 2718; x_wconf 89' lang='lat' dir='ltr'><strong>robur</strong></span> <span class='ocrx_word' id='word_1_177' title='bbox 1038 2653 1196 2737; x_wconf 89' lang='lat' dir='ltr'><strong>adstabat,</strong></span> 
     </span>
     <span class='ocr_line' id='line_1_25' title="bbox 156 2759 552 2842; baseline 0 -19"><span class='ocrx_word' id='word_1_178' title='bbox 156 2759 322 2842; x_wconf 87' lang='lat' dir='ltr'><strong>corripitur</strong></span> <span class='ocrx_word' id='word_1_179' title='bbox 345 2759 552 2839; x_wconf 90' lang='lat' dir='ltr'><strong>vinciturque.</strong></span> 
     </span>
    </p>

    <p class='ocr_par' dir='ltr' id='par_1_5' title="bbox 156 2860 1374 3879">
     <span class='ocr_line' id='line_1_26' title="bbox 262 2860 1372 2931; baseline -0.003 -6"><span class='ocrx_word' id='word_1_180' title='bbox 262 2863 313 2927; x_wconf 78' lang='lat'><strong>67.</strong></span> <span class='ocrx_word' id='word_1_181' title='bbox 336 2862 411 2926; x_wconf 80' lang='lat' dir='ltr'><strong>Mox</strong></span> <span class='ocrx_word' id='word_1_182' title='bbox 434 2860 607 2926; x_wconf 85' lang='lat' dir='ltr'><strong>eorundem</strong></span> <span class='ocrx_word' id='word_1_183' title='bbox 630 2860 747 2926; x_wconf 89' lang='lat' dir='ltr'><strong>indicio</strong></span> <span class='ocrx_word' id='word_1_184' title='bbox 762 2861 895 2926; x_wconf 83' lang='lat' dir='ltr'><strong>Subrius</strong></span> <span class='ocrx_word' id='word_1_185' title='bbox 913 2862 1031 2925; x_wconf 88' lang='lat' dir='ltr'><strong>Flavus</strong></span> <span class='ocrx_word' id='word_1_186' title='bbox 1053 2861 1198 2925; x_wconf 89' lang='lat' dir='ltr'><strong>tribunus</strong></span> <span class='ocrx_word' id='word_1_187' title='bbox 1221 2867 1372 2931; x_wconf 66' lang='lat' dir='ltr'><strong>tundamus</strong></span> 
     </span>
     <span class='ocr_line' id='line_1_27' title="bbox 156 2950 1364 3073; baseline -0.002 -43"><span class='ocrx_word' id='word_1_188' title='bbox 156 2965 356 3049; x_wconf 89' lang='lat' dir='ltr'><strong>pervertitur,</strong></span> <span class='ocrx_word' id='word_1_189' title='bbox 372 2967 472 3049; x_wconf 83' lang='lat' dir='ltr'><strong>primo</strong></span> <span class='ocrx_word' id='word_1_190' title='bbox 484 2965 772 3030; x_wconf 91' lang='lat' dir='ltr'><strong>dissimilitudinem</strong></span> <span class='ocrx_word' id='word_1_191' title='bbox 785 2986 907 3030; x_wconf 90' lang='lat' dir='ltr'><strong>morum</strong></span> <span class='ocrx_word' id='word_1_192' title='bbox 922 2965 966 3029; x_wconf 89' lang='lat' dir='ltr'><strong>ad</strong></span> <span class='ocrx_word' id='word_1_193' title='bbox 981 2966 1198 3030; x_wconf 86' lang='lat' dir='ltr'><strong>defensionem</strong></span> <span class='ocrx_word' id='word_1_194' title='bbox 1224 2950 1364 3073; x_wconf 43' lang='lat' dir='ltr'><strong>mmm!</strong></span> 
     </span>
     <span class='ocr_line' id='line_1_28' title="bbox 157 3059 1374 3151; baseline -0.002 -19"><span class='ocrx_word' id='word_1_195' title='bbox 157 3068 297 3150; x_wconf 74' lang='lat' dir='ltr'><strong>trahens</strong></span> <span class='ocrx_word' id='word_1_196' title='bbox 321 3089 425 3151; x_wconf 88' lang='lat' dir='ltr'><strong>neque</strong></span> <span class='ocrx_word' id='word_1_197' title='bbox 448 3089 483 3133; x_wconf 91' lang='lat' dir='ltr'><strong>se</strong></span> <span class='ocrx_word' id='word_1_198' title='bbox 506 3059 663 3132; x_wconf 85' lang='lat' dir='ltr'><strong>armatum</strong></span> <span class='ocrx_word' id='word_1_199' title='bbox 682 3088 755 3132; x_wconf 90' lang='lat' dir='ltr'><strong>cum</strong></span> <span class='ocrx_word' id='word_1_200' title='bbox 771 3068 944 3133; x_wconf 89' lang='lat' dir='ltr'><strong>inermibus</strong></span> <span class='ocrx_word' id='word_1_201' title='bbox 960 3075 991 3132; x_wconf 90' lang='lat' dir='ltr'><strong>et</strong></span> <span class='ocrx_word' id='word_1_202' title='bbox 1008 3069 1199 3133; x_wconf 87' lang='lat' dir='ltr'><strong>effeminatis</strong></span> <span class='ocrx_word' id='word_1_203' title='bbox 1224 3089 1261 3132; x_wconf 76' lang='lat' dir='ltr'><strong>aa</strong></span> <span class='ocrx_word' id='word_1_204' title='bbox 1275 3071 1374 3130; x_wconf 71' lang='lat' dir='ltr'><strong>suariae</strong></span> 
     </span>
     <span class='ocr_line' id='line_1_29' title="bbox 158 3156 1343 3257; baseline -0.001 -20"><span class='ocrx_word' id='word_1_205' title='bbox 158 3180 282 3238; x_wconf 90' lang='lat' dir='ltr'><strong>tautum</strong></span> <span class='ocrx_word' id='word_1_206' title='bbox 295 3172 419 3238; x_wconf 87' lang='lat' dir='ltr'><strong>facinus</strong></span> <span class='ocrx_word' id='word_1_207' title='bbox 431 3173 698 3256; x_wconf 81' lang='lat' dir='ltr'><strong>consociaturum3</strong></span> <span class='ocrx_word' id='word_1_208' title='bbox 716 3172 800 3254; x_wconf 90' lang='lat' dir='ltr'><strong>dein,</strong></span> <span class='ocrx_word' id='word_1_209' title='bbox 816 3179 984 3257; x_wconf 89' lang='lat' dir='ltr'><strong>postquam</strong></span> <span class='ocrx_word' id='word_1_210' title='bbox 997 3174 1199 3256; x_wconf 84' lang='lat' dir='ltr'><strong>urguebatur,</strong></span> <span class='ocrx_word' id='word_1_211' title='bbox 1251 3156 1343 3208; x_wconf 45' lang='lat' dir='ltr'><strong>‘imm&#39;</strong></span> 
     </span>
     <span class='ocr_line' id='line_1_30' title="bbox 158 3276 1199 3359; baseline -0.001 -18"><span class='ocrx_word' id='word_1_212' title='bbox 158 3277 366 3341; x_wconf 87' lang='lat' dir='ltr'><strong>confessionis</strong></span> <span class='ocrx_word' id='word_1_213' title='bbox 388 3277 522 3359; x_wconf 84' lang='lat' dir='ltr'><strong>gloriam</strong></span> <span class='ocrx_word' id='word_1_214' title='bbox 537 3276 714 3359; x_wconf 82' lang='lat' dir='ltr'><strong>amplexus.</strong></span> <span class='ocrx_word' id='word_1_215' title='bbox 738 3277 1012 3358; x_wconf 84' lang='lat' dir='ltr'><strong>interrogatusque</strong></span> <span class='ocrx_word' id='word_1_216' title='bbox 1027 3298 1047 3340; x_wconf 89' lang='lat' dir='ltr'><strong>a</strong></span> <span class='ocrx_word' id='word_1_217' title='bbox 1061 3278 1199 3357; x_wconf 88' lang='lat' dir='ltr'><strong>Nerone,</strong></span> 
     </span>
     <span class='ocr_line' id='line_1_31' title="bbox 159 3374 1201 3462; baseline -0.001 -18"><span class='ocrx_word' id='word_1_218' title='bbox 159 3380 273 3461; x_wconf 92' lang='lat' dir='ltr'><strong>quibus</strong></span> <span class='ocrx_word' id='word_1_219' title='bbox 296 3380 398 3445; x_wconf 91' lang='lat' dir='ltr'><strong>causis</strong></span> <span class='ocrx_word' id='word_1_220' title='bbox 421 3379 463 3444; x_wconf 92' lang='lat' dir='ltr'><strong>ad</strong></span> <span class='ocrx_word' id='word_1_221' title='bbox 478 3380 669 3445; x_wconf 91' lang='lat' dir='ltr'><strong>oblivionem</strong></span> <span class='ocrx_word' id='word_1_222' title='bbox 685 3379 875 3444; x_wconf 87' lang='lat' dir='ltr'><strong>sacramenti</strong></span> <span class='ocrx_word' id='word_1_223' title='bbox 889 3380 1100 3462; x_wconf 87' lang='lat' dir='ltr'><strong>processisset,</strong></span> <span class='ocrx_word' id='word_1_224' title='bbox 1120 3374 1201 3443; x_wconf 73' lang='lat' dir='ltr'><strong>‘ode-</strong></span> 
     </span>
     <span class='ocr_line' id='line_1_32' title="bbox 159 3477 1201 3568; baseline -0.002 -20"><span class='ocrx_word' id='word_1_225' title='bbox 159 3505 227 3548; x_wconf 91' lang='lat' dir='ltr'><strong>ram</strong></span> <span class='ocrx_word' id='word_1_226' title='bbox 251 3480 293 3549; x_wconf 89' lang='lat' dir='ltr'><strong>te’</strong></span> <span class='ocrx_word' id='word_1_227' title='bbox 316 3484 427 3568; x_wconf 85' lang='lat' dir='ltr'><strong>inquit,</strong></span> <span class='ocrx_word' id='word_1_228' title='bbox 457 3477 527 3548; x_wconf 85' lang='lat' dir='ltr'><strong>‘nec</strong></span> <span class='ocrx_word' id='word_1_229' title='bbox 550 3483 716 3565; x_wconf 90' lang='lat' dir='ltr'><strong>quisquam</strong></span> <span class='ocrx_word' id='word_1_230' title='bbox 739 3483 800 3547; x_wconf 87' lang='lat' dir='ltr'><strong>tibi</strong></span> <span class='ocrx_word' id='word_1_231' title='bbox 821 3482 943 3548; x_wconf 85' lang='lat' dir='ltr'><strong>fidelior</strong></span> <span class='ocrx_word' id='word_1_232' title='bbox 965 3483 1101 3546; x_wconf 90' lang='lat' dir='ltr'><strong>militum</strong></span> <span class='ocrx_word' id='word_1_233' title='bbox 1131 3483 1201 3567; x_wconf 83' lang='lat' dir='ltr'><strong>fuit,</strong></span> 
     </span>
     <span class='ocr_line' id='line_1_33' title="bbox 161 3587 1202 3669; baseline 0 -19"><span class='ocrx_word' id='word_1_234' title='bbox 161 3587 236 3651; x_wconf 92' lang='lat' dir='ltr'><strong>dum</strong></span> <span class='ocrx_word' id='word_1_235' title='bbox 265 3588 367 3652; x_wconf 87' lang='lat' dir='ltr'><strong>amari</strong></span> <span class='ocrx_word' id='word_1_236' title='bbox 397 3588 544 3652; x_wconf 92' lang='lat' dir='ltr'><strong>meruisti.</strong></span> <span class='ocrx_word' id='word_1_237' title='bbox 583 3587 687 3652; x_wconf 90' lang='lat' dir='ltr'><strong>odisse</strong></span> <span class='ocrx_word' id='word_1_238' title='bbox 717 3587 816 3669; x_wconf 87' lang='lat' dir='ltr'><strong>coepi,</strong></span> <span class='ocrx_word' id='word_1_239' title='bbox 847 3593 1015 3669; x_wconf 90' lang='lat' dir='ltr'><strong>postquam</strong></span> <span class='ocrx_word' id='word_1_240' title='bbox 1046 3587 1202 3669; x_wconf 88' lang='lat' dir='ltr'><strong>parricida</strong></span> 
     </span>
     <span class='ocr_line' id='line_1_34' title="bbox 161 3689 1203 3773; baseline 0 -19"><span class='ocrx_word' id='word_1_241' title='bbox 161 3693 269 3756; x_wconf 86' lang='lat' dir='ltr'><strong>matris</strong></span> <span class='ocrx_word' id='word_1_242' title='bbox 299 3698 331 3756; x_wconf 92' lang='lat' dir='ltr'><strong>et</strong></span> <span class='ocrx_word' id='word_1_243' title='bbox 361 3692 477 3772; x_wconf 83' lang='lat' dir='ltr'><strong>uxoris,</strong></span> <span class='ocrx_word' id='word_1_244' title='bbox 509 3692 621 3773; x_wconf 82' lang='lat' dir='ltr'><strong>auriga</strong></span> <span class='ocrx_word' id='word_1_245' title='bbox 648 3697 679 3754; x_wconf 93' lang='lat' dir='ltr'><strong>et</strong></span> <span class='ocrx_word' id='word_1_246' title='bbox 706 3689 818 3754; x_wconf 90' lang='lat' dir='ltr'><strong>histrio</strong></span> <span class='ocrx_word' id='word_1_247' title='bbox 848 3696 880 3752; x_wconf 86' lang='lat' dir='ltr'><strong>et</strong></span> <span class='ocrx_word' id='word_1_248' title='bbox 910 3689 1124 3754; x_wconf 87' lang='lat' dir='ltr'><strong>incendiarius</strong></span> <span class='ocrx_word' id='word_1_249' title='bbox 1151 3710 1203 3754; x_wconf 84' lang='lat' dir='ltr'><strong>ex·</strong></span> 
     </span>
     <span class='ocr_line' id='line_1_35' title="bbox 163 3791 1203 3879; baseline -0.003 -21"><span class='ocrx_word' id='word_1_250' title='bbox 163 3792 287 3861; x_wconf 85' lang='lat' dir='ltr'><strong>stitisti’.</strong></span> <span class='ocrx_word' id='word_1_251' title='bbox 312 3795 382 3879; x_wconf 90' lang='lat' dir='ltr'><strong>ipsa</strong></span> <span class='ocrx_word' id='word_1_252' title='bbox 397 3795 502 3859; x_wconf 90' lang='lat' dir='ltr'><strong>rettuli</strong></span> <span class='ocrx_word' id='word_1_253' title='bbox 519 3796 626 3875; x_wconf 87' lang='lat' dir='ltr'><strong>verba,</strong></span> <span class='ocrx_word' id='word_1_254' title='bbox 652 3793 822 3876; x_wconf 86' lang='lat' dir='ltr'><strong>quianon,</strong></span> <span class='ocrx_word' id='word_1_255' title='bbox 847 3798 882 3855; x_wconf 92' lang='lat' dir='ltr'><strong>ut</strong></span> <span class='ocrx_word' id='word_1_256' title='bbox 898 3791 1048 3875; x_wconf 87' lang='lat' dir='ltr'><strong>Senecae,</strong></span> <span class='ocrx_word' id='word_1_257' title='bbox 1072 3793 1203 3874; x_wconf 78' lang='lat' dir='ltr'><strong>vulgata</strong></span> 
     </span>
    </p>
   </div>
   <div class='ocr_carea' id='block_1_3' title="bbox 163 3895 1203 4047">
    <p class='ocr_par' dir='ltr' id='par_1_6' title="bbox 163 3895 1203 4047">
     <span class='ocr_line' id='line_1_36' title="bbox 163 3895 1203 3983; baseline -0.005 -21"><span class='ocrx_word' id='word_1_258' title='bbox 163 3906 260 3983; x_wconf 90' lang='lat' dir='ltr'><strong>erant,</strong></span> <span class='ocrx_word' id='word_1_259' title='bbox 290 3919 350 3963; x_wconf 90' lang='lat' dir='ltr'><strong>uec</strong></span> <span class='ocrx_word' id='word_1_260' title='bbox 378 3900 481 3964; x_wconf 91' lang='lat' dir='ltr'><strong>minus</strong></span> <span class='ocrx_word' id='word_1_261' title='bbox 510 3898 597 3964; x_wconf 92' lang='lat' dir='ltr'><strong>nosci</strong></span> <span class='ocrx_word' id='word_1_262' title='bbox 620 3898 755 3962; x_wconf 88' lang='lat' dir='ltr'><strong>decebat</strong></span> <span class='ocrx_word' id='word_1_263' title='bbox 778 3895 921 3959; x_wconf 90' lang='lat' dir='ltr'><strong>militaris</strong></span> <span class='ocrx_word' id='word_1_264' title='bbox 943 3895 1001 3959; x_wconf 80' lang='lat' dir='ltr'><strong>viri</strong></span> <span class='ocrx_word' id='word_1_265' title='bbox 1025 3915 1138 3960; x_wconf 91' lang='lat' dir='ltr'><strong>sensus</strong></span> <span class='ocrx_word' id='word_1_266' title='bbox 1160 3896 1203 3959; x_wconf 93' lang='lat' dir='ltr'><strong>in-</strong></span> 
     </span>
     <span class='ocr_line' id='line_1_37' title="bbox 991 3998 1100 4047; baseline 0 0"><span class='ocrx_word' id='word_1_267' title='bbox 991 4035 992 4038; x_wconf 24' lang='lat'><strong>,</strong></span> <span class='ocrx_word' id='word_1_268' title='bbox 1052 3998 1100 4047; x_wconf 79' lang='lat' dir='ltr'><strong>ro*</strong></span> 
     </span>
    </p>
   </div>
   <div class='ocr_carea' id='block_1_4' title="bbox 1219 1148 1364 1202">
    <p class='ocr_par' dir='ltr' id='par_1_7' title="bbox 1219 1148 1364 1202">
     <span class='ocr_line' id='line_1_38' title="bbox 1219 1148 1364 1202; baseline -0.021 -9"><span class='ocrx_word' id='word_1_269' title='bbox 1219 1149 1312 1202; x_wconf 69' lang='lat' dir='ltr'><strong>usatica</strong></span> <span class='ocrx_word' id='word_1_270' title='bbox 1326 1148 1364 1199; x_wconf 70' lang='lat' dir='ltr'><strong>lat.</strong></span> 
     </span>
    </p>
   </div>
   <div class='ocr_carea' id='block_1_5' title="bbox 0 0 1506 4275">
    <p class='ocr_par' dir='ltr' id='par_1_8' title="bbox 0 0 1506 4275">
     <span class='ocr_line' id='line_1_39' title="bbox 0 0 1506 4275; baseline 0 0"><span class='ocrx_word' id='word_1_271' title='bbox 0 0 1506 4275; x_wconf 95' lang='lat' dir='ltr'><strong> </strong></span> 
     </span>
    </p>
   </div>
  </div>
 </body>
</html>
