2984 4275
303 149 346 214 84
544 162 593 218 Ab
613 177 730 217 excessu
747 162 781 216 D.
794 161 920 231 Augusti
936 162 1006 217 XIV
1025 164 1101 216 4-7.

302 339 380 405 alias
406 338 497 405 navis
520 339 667 421 ornatior,
696 345 859 419 tamquam
886 336 920 401 id
942 356 1066 418 quoque
1093 336 1204 401 honori
1230 336 1341 400 matris

301 443 444 508 daretur:
469 444 586 527 quippe
601 447 750 507 sueverat
771 440 892 505 triremi
907 446 938 504 et
953 441 1185 504 classiariorum
1208 440 1341 523 remigio

300 546 384 612 vehi.
423 567 461 612 ac
483 556 550 611 tum
572 547 707 611 invitata
730 543 773 609 ad
796 544 905 628 epulas
928 550 1006 626 erat,
1029 550 1064 608 ut
1086 542 1274 609 occultando
1296 544 1340 607 fa·

302 652 401 716 cinori
411 672 475 716 nox
487 650 700 716 adhiberetur.
718 649 794 714 satis
808 649 948 713 constitit
964 648 1123 713 exstitisse
1137 649 1340 732 proditorem,

302 762 335 821 et
357 755 565 840 Agrippinam
594 753 710 819 auditis
737 753 868 838 insidiis,
899 773 941 816 an
974 751 1116 816 crederet
1145 753 1340 836 ambiguam,

302 860 478 942 gestamine
494 860 592 924 sellae
607 857 703 923 Baias
725 864 918 942 pervectam.
941 856 986 921 ibi
1001 856 1254 921 blandimentum
1270 858 1341 922 snb·

301 963 421 1028 levavit
450 968 584 1027 metum:
618 963 749 1027 comiter
778 967 911 1045 excepta
945 980 1103 1044 superque
1135 962 1240 1044 ipsum
1269 981 1341 1026 con·

302 1068 415 1132 locata.
451 1067 515 1130 iam
537 1067 679 1150 pluribus
701 1065 910 1149 sermonibus,
938 1063 1031 1129 modo
1060 1065 1275 1129 familiaritate
1297 1066 1341 1130 iu·

302 1169 398 1235 venili
419 1170 505 1234 Nero
528 1176 560 1234 et
584 1188 690 1234 rursus
712 1166 878 1250 adductus,
908 1169 998 1249 quasi
1025 1169 1109 1233 seria
1136 1170 1340 1254 consociaret,

302 1281 401 1339 tracto
423 1276 456 1339 in
478 1275 609 1358 longum
631 1273 787 1354 convictu,
815 1273 1012 1356 prosequitur
1034 1272 1214 1356 abeuntem,
1242 1274 1341 1338 artius

302 1378 400 1444 oculis
423 1386 455 1443 et
475 1379 595 1463 pectori
616 1378 762 1458 haerens,
786 1377 854 1441 sive
869 1375 1028 1460 explenda
1050 1372 1261 1460 simulatione,
1284 1397 1341 1442 seu

301 1483 459 1567 periturae
486 1483 596 1546 matris
623 1499 788 1565 supremus
810 1487 956 1565 aspectus
980 1481 1125 1563 quamvis
1152 1481 1253 1545 ferum
1275 1482 1341 1546 ani-

303 1607 389 1651 mum
411 1587 576 1652 retinebat.

405 1690 435 1755 5.
473 1692 607 1755 Noctem
642 1687 799 1754 sideribus
837 1688 1000 1752 inlustrem
1038 1695 1070 1752 et
1101 1687 1227 1773 placido
1260 1690 1341 1754 mari

303 1795 443 1877 quietam
474 1794 565 1878 quasi
599 1791 851 1858 convincendum
884 1791 927 1855 ad
960 1792 1062 1856 scelus
1094 1792 1127 1857 di
1155 1793 1339 1878 praebuere.

302 1918 360 1963 nec
383 1899 516 1963 multum
539 1905 607 1962 erat
634 1915 802 1980 progressa
828 1895 929 1979 navis,
957 1894 1079 1960 duobus
1102 1916 1120 1961 e
1142 1916 1273 1963 numero
1296 1898 1341 1962 fa·

302 2002 470 2067 miliarium
491 2002 701 2085 Agrippinam
728 1999 961 2082 comitantibus,
989 2019 1030 2063 ex
1056 2000 1127 2081 quis
1154 2000 1341 2086 Crepereius

302 2105 411 2172 Gallus
447 2105 533 2171 haud
570 2107 679 2192 procul
716 2103 939 2189 gubernaculis
972 2102 1133 2188 adstabat,
1169 2105 1341 2173 Acerronia

302 2231 396 2295 super
417 2210 516 2296 pedes
538 2210 708 2276 cubitantis
730 2209 857 2273 reclinis
881 2208 1108 2291 paenitentiam
1130 2208 1187 2274 filii
1209 2218 1241 2274 et
1256 2232 1341 2277 recu·

301 2322 444 2400 peratam
472 2316 580 2380 matris
607 2314 740 2398 gratiam
771 2332 829 2396 per
855 2312 1007 2394 gaudium
1034 2314 1240 2397 memorabat,
1269 2335 1341 2381 cum

302 2421 377 2485 dato
393 2420 483 2502 signo
498 2438 589 2484 ruere
604 2425 721 2483 tectum
737 2416 799 2482 loci
814 2415 912 2479 multo
928 2416 1056 2499 plumbo
1071 2437 1179 2499 grave,
1204 2438 1341 2501 pressus-

301 2543 363 2605 que
385 2523 570 2606 Crepereius
598 2529 630 2586 61
657 2522 764 2586 statim
791 2522 992 2587 exanimatus
1015 2529 1071 2588 est.
1109 2524 1286 2609 Agrippina
1309 2533 1340 2589 et

302 2628 473 2692 Acerronia
496 2626 707 2692 eminentibus
729 2626 804 2690 lecti
825 2625 999 2710 parietibus
1021 2646 1059 2690 ao
1081 2627 1161 2691 torte
1183 2628 1339 2694 validiori-

301 2733 372 2815 bus,
401 2750 495 2814 quam
522 2737 557 2793 ut
584 2730 672 2794 oneri
699 2729 857 2814 cederent,
886 2735 1046 2813 protectae
1073 2740 1157 2796 sunt.
1195 2752 1255 2798 nec
1277 2733 1339 2798 dis·

302 2836 415 2900 solutio
449 2834 569 2916 navigii
603 2834 808 2917 sequebatur,
843 2834 978 2898 turbatis
1012 2836 1157 2899 omnibus
1191 2843 1223 2900 et
1257 2836 1340 2920 quod

301 2939 444 3023 plerique
464 2938 568 3020 ignari
582 2938 678 3001 etiam
694 2938 837 3003 conscios
852 2937 1079 3021 impediebant.
1102 2940 1206 3004 visum
1225 2939 1341 3005 dehinc

301 3041 474 3124 remigibus
496 3061 593 3105 unum
615 3041 747 3105 inlatus
769 3042 923 3105 inclinare
945 3047 1041 3125 atque
1063 3043 1109 3106 ita
1126 3064 1247 3109 navem
1270 3046 1340 3109 sub·

303 3165 460 3227 mergere:
483 3144 539 3209 sed
561 3164 665 3226 neque
686 3146 765 3231 ipsis
786 3151 952 3230 promptus
974 3146 1006 3210 in
1027 3166 1094 3210 rem
1112 3148 1252 3212 subitam
1271 3169 1340 3214 con·

302 3268 424 3332 sensus,
448 3257 480 3314 61
501 3249 556 3314 alii
578 3257 686 3314 contra
707 3250 846 3314 nitentes
870 3248 985 3313 dedere
1008 3249 1192 3316 facultatem
1213 3252 1341 3317 lenioris

301 3353 336 3417 in
363 3373 449 3418 mare
479 3353 588 3417 iactus.
626 3373 737 3417 verum
760 3353 941 3435 Acerronia,
974 3354 1177 3436 inprudentia
1203 3356 1279 3420 dum
1307 3376 1341 3422 se

303 3457 512 3541 Agrippinam
528 3475 607 3538 esse,
624 3462 721 3541 utque
736 3456 959 3523 subveniretur
981 3459 1076 3522 matri
1098 3460 1256 3544 principis,
1280 3462 1341 3524 ola-

303 3561 402 3646 mitat,
425 3561 526 3626 contis
548 3567 580 3624 et
601 3562 697 3626 remis
724 3567 764 3645 et,
788 3580 869 3641 quae
892 3560 957 3625 fors
978 3562 1145 3646 obtulerat,
1173 3565 1341 3629 navalibus

302 3665 374 3730 telis
403 3665 574 3730 conficitur.
612 3665 790 3749 Agrippina
819 3665 914 3729 silens
944 3684 1044 3748 eoque
1074 3667 1180 3731 minus
1209 3666 1341 3749 adgnita

304 3769 415 3852 (unum
430 3773 537 3831 tamen
548 3768 664 3833 vulnus
679 3789 787 3833 umero
799 3767 936 3852 excepit)
953 3769 1069 3854 nando,
1083 3769 1198 3835 deinde
1210 3791 1340 3837 occursu

303 3871 542 3936 lenunculorum
556 3872 726 3936 Lucrinum
737 3873 772 3937 in
787 3873 891 3936 lacum
899 3879 991 3937 vecta
1003 3874 1097 3938 villae
1109 3894 1186 3939 suae
1197 3875 1338 3940 infertur.
